date,marketcap,pricetobook,pricetoearnings,dividendyield,earningsyield,Quarter,nopat,freecashflow,roe,ebitdagrowth,ebitdamargin,cashdividendspershare,bookvaluepershare,capex,currentratio,debttoequity,epsgrowth,investedcapitalgrowth,fcffgrowth,finleverage,netincomegrowth,roa,revenuegrowth,basiceps,operatingrevenue,ebitda,totalassets,totalliabilities,debt,netincome,netcashfromoperatingactivities,netcashfrominvestingactivities,netcashfromfinancingactivities,longterminvestments,one_yr_monthly_beta
19/07/2019,2.15E+11,2.39,15.9482,0.018591,0.062703,Q2-2019,10280000000,10110000000,0.1788,0.207136108,0.2339,1.76,50.5,4255875000,0.77,0.5402,0.2139,0.045414813,0.102087814,0.2560875,0.219790843,0.059,0.006297781,8.91,59760000000,21720000000,2.14E+11,1.09E+11,55565000000,13880000000,13510000000,-14210000000,6740000000,4080000000,0.7429
18/07/2019,2.18E+11,2.4204,16.1512,0.018358,0.061915,Q2-2019,10280000000,10110000000,0.1788,0.207136108,0.2339,1.76,50.5,4255875000,0.77,0.5402,0.2139,0.045414813,0.102087814,0.2560875,0.219790843,0.059,0.006297781,8.91,59760000000,21720000000,2.14E+11,1.09E+11,55565000000,13880000000,13510000000,-14210000000,6740000000,4080000000,0.7429
17/07/2019,2.19E+11,2.4365,16.2584,0.018237,0.061507,Q2-2019,10280000000,10110000000,0.1788,0.207136108,0.2339,1.76,50.5,4255875000,0.77,0.5402,0.2139,0.045414813,0.102087814,0.2560875,0.219790843,0.059,0.006297781,8.91,59760000000,21720000000,2.14E+11,1.09E+11,55565000000,13880000000,13510000000,-14210000000,6740000000,4080000000,0.7429
16/07/2019,2.22E+11,2.466,16.4556,0.018018,0.060769,Q2-2019,10280000000,10110000000,0.1788,0.207136108,0.2339,1.76,50.5,4255875000,0.77,0.5402,0.2139,0.045414813,0.102087814,0.2560875,0.219790843,0.059,0.006297781,8.91,59760000000,21720000000,2.14E+11,1.09E+11,55565000000,13880000000,13510000000,-14210000000,6740000000,4080000000,0.7429
15/07/2019,2.23E+11,2.479,16.5423,0.017924,0.060451,Q2-2019,10280000000,10110000000,0.1788,0.207136108,0.2339,1.76,50.5,4255875000,0.77,0.5402,0.2139,0.045414813,0.102087814,0.2560875,0.219790843,0.059,0.006297781,8.91,59760000000,21720000000,2.14E+11,1.09E+11,55565000000,13880000000,13510000000,-14210000000,6740000000,4080000000,0.7429
12/07/2019,2.23E+11,2.4759,16.5218,0.017946,0.060526,Q2-2019,10280000000,10110000000,0.1788,0.207136108,0.2339,1.76,50.5,4255875000,0.77,0.5402,0.2139,0.045414813,0.102087814,0.2560875,0.219790843,0.059,0.006297781,8.91,59760000000,21720000000,2.14E+11,1.09E+11,55565000000,13880000000,13510000000,-14210000000,6740000000,4080000000,0.7429
11/07/2019,2.21E+11,2.4534,16.3713,0.018111,0.061083,Q2-2019,10280000000,10110000000,0.1788,0.207136108,0.2339,1.76,50.5,4255875000,0.77,0.5402,0.2139,0.045414813,0.102087814,0.2560875,0.219790843,0.059,0.006297781,8.91,59760000000,21720000000,2.14E+11,1.09E+11,55565000000,13880000000,13510000000,-14210000000,6740000000,4080000000,0.7429
10/07/2019,2.21E+11,2.453,16.369,0.018113,0.061091,Q2-2019,10280000000,10110000000,0.1788,0.207136108,0.2339,1.76,50.5,4255875000,0.77,0.5402,0.2139,0.045414813,0.102087814,0.2560875,0.219790843,0.059,0.006297781,8.91,59760000000,21720000000,2.14E+11,1.09E+11,55565000000,13880000000,13510000000,-14210000000,6740000000,4080000000,0.7429
09/07/2019,2.18E+11,2.4201,16.1489,0.01836,0.061924,Q2-2019,10280000000,10110000000,0.1788,0.207136108,0.2339,1.76,50.5,4255875000,0.77,0.5402,0.2139,0.045414813,0.102087814,0.2560875,0.219790843,0.059,0.006297781,8.91,59760000000,21720000000,2.14E+11,1.09E+11,55565000000,13880000000,13510000000,-14210000000,6740000000,4080000000,0.7429
08/07/2019,2.11E+11,4.1984,19.2692,0.018437,0.051896,Q2-2019,10280000000,10110000000,0.1788,0.207136108,0.2339,1.76,50.5,4255875000,0.77,0.5402,0.2139,0.045414813,0.102087814,0.2560875,0.219790843,0.059,0.006297781,8.91,59760000000,21720000000,2.14E+11,1.09E+11,55565000000,13880000000,13510000000,-14210000000,6740000000,4080000000,0.7429
05/07/2019,2.13E+11,4.241,19.4646,0.018252,0.051375,Q2-2019,10280000000,10110000000,0.1788,0.207136108,0.2339,1.76,50.5,4255875000,0.77,0.5402,0.2139,0.045414813,0.102087814,0.2560875,0.219790843,0.059,0.006297781,8.91,59760000000,21720000000,2.14E+11,1.09E+11,55565000000,13880000000,13510000000,-14210000000,6740000000,4080000000,0.7429
03/07/2019,2.13E+11,4.2306,19.4167,0.018015,0.051502,Q2-2019,10280000000,10110000000,0.1788,0.207136108,0.2339,1.76,50.5,4255875000,0.77,0.5402,0.2139,0.045414813,0.102087814,0.2560875,0.219790843,0.059,0.006297781,8.91,59760000000,21720000000,2.14E+11,1.09E+11,55565000000,13880000000,13510000000,-14210000000,6740000000,4080000000,0.7429
02/07/2019,2.12E+11,4.2173,19.3556,0.018072,0.051665,Q2-2019,10280000000,10110000000,0.1788,0.207136108,0.2339,1.76,50.5,4255875000,0.77,0.5402,0.2139,0.045414813,0.102087814,0.2560875,0.219790843,0.059,0.006297781,8.91,59760000000,21720000000,2.14E+11,1.09E+11,55565000000,13880000000,13510000000,-14210000000,6740000000,4080000000,0.7429
01/07/2019,2.11E+11,4.1912,19.2361,0.018185,0.051986,Q2-2019,10280000000,10110000000,0.1788,0.207136108,0.2339,1.76,50.5,4255875000,0.77,0.5402,0.2139,0.045414813,0.102087814,0.2560875,0.219790843,0.059,0.006297781,8.91,59760000000,21720000000,2.14E+11,1.09E+11,55565000000,13880000000,13510000000,-14210000000,6740000000,4080000000,0.7429
28/06/2019,2.08E+11,4.1318,18.9632,0.018446,0.052734,Q2-2019,10280000000,10110000000,0.1788,0.207136108,0.2339,1.76,50.5,4255875000,0.77,0.5402,0.2139,0.045414813,0.102087814,0.2560875,0.219790843,0.059,0.006297781,8.91,59760000000,21720000000,2.14E+11,1.09E+11,55565000000,13880000000,13510000000,-14210000000,6740000000,4080000000,0.7429
27/06/2019,2.07E+11,4.1217,18.917,0.018491,0.052863,Q2-2019,10280000000,10110000000,0.1788,0.207136108,0.2339,1.76,50.5,4255875000,0.77,0.5402,0.2139,0.045414813,0.102087814,0.2560875,0.219790843,0.059,0.006297781,8.91,59760000000,21720000000,2.14E+11,1.09E+11,55565000000,13880000000,13510000000,-14210000000,6740000000,4080000000,0.7429
26/06/2019,2.09E+11,4.1542,19.0664,0.018347,0.052448,Q2-2019,10280000000,10110000000,0.1788,0.207136108,0.2339,1.76,50.5,4255875000,0.77,0.5402,0.2139,0.045414813,0.102087814,0.2560875,0.219790843,0.059,0.006297781,8.91,59760000000,21720000000,2.14E+11,1.09E+11,55565000000,13880000000,13510000000,-14210000000,6740000000,4080000000,0.7429
25/06/2019,2.08E+11,4.1406,19.0039,0.018407,0.052621,Q2-2019,10280000000,10110000000,0.1788,0.207136108,0.2339,1.76,50.5,4255875000,0.77,0.5402,0.2139,0.045414813,0.102087814,0.2560875,0.219790843,0.059,0.006297781,8.91,59760000000,21720000000,2.14E+11,1.09E+11,55565000000,13880000000,13510000000,-14210000000,6740000000,4080000000,0.7429
24/06/2019,2.07E+11,4.1193,18.9061,0.018502,0.052893,Q2-2019,10280000000,10110000000,0.1788,0.207136108,0.2339,1.76,50.5,4255875000,0.77,0.5402,0.2139,0.045414813,0.102087814,0.2560875,0.219790843,0.059,0.006297781,8.91,59760000000,21720000000,2.14E+11,1.09E+11,55565000000,13880000000,13510000000,-14210000000,6740000000,4080000000,0.7429
21/06/2019,2.09E+11,4.1492,19.0433,0.018369,0.052512,Q2-2019,10280000000,10110000000,0.1788,0.207136108,0.2339,1.76,50.5,4255875000,0.77,0.5402,0.2139,0.045414813,0.102087814,0.2560875,0.219790843,0.059,0.006297781,8.91,59760000000,21720000000,2.14E+11,1.09E+11,55565000000,13880000000,13510000000,-14210000000,6740000000,4080000000,0.7429
20/06/2019,2.11E+11,4.2022,19.2864,0.018137,0.05185,Q2-2019,10280000000,10110000000,0.1788,0.207136108,0.2339,1.76,50.5,4255875000,0.77,0.5402,0.2139,0.045414813,0.102087814,0.2560875,0.219790843,0.059,0.006297781,8.91,59760000000,21720000000,2.14E+11,1.09E+11,55565000000,13880000000,13510000000,-14210000000,6740000000,4080000000,0.7429
19/06/2019,2.10E+11,4.1696,19.137,0.018279,0.052255,Q2-2019,10280000000,10110000000,0.1788,0.207136108,0.2339,1.76,50.5,4255875000,0.77,0.5402,0.2139,0.045414813,0.102087814,0.2560875,0.219790843,0.059,0.006297781,8.91,59760000000,21720000000,2.14E+11,1.09E+11,55565000000,13880000000,13510000000,-14210000000,6740000000,4080000000,0.7429
18/06/2019,2.07E+11,4.1199,18.9089,0.018499,0.052885,Q2-2019,10280000000,10110000000,0.1788,0.207136108,0.2339,1.76,50.5,4255875000,0.77,0.5402,0.2139,0.045414813,0.102087814,0.2560875,0.219790843,0.059,0.006297781,8.91,59760000000,21720000000,2.14E+11,1.09E+11,55565000000,13880000000,13510000000,-14210000000,6740000000,4080000000,0.7429
17/06/2019,2.10E+11,4.1711,19.1438,0.018272,0.052236,Q2-2019,10280000000,10110000000,0.1788,0.207136108,0.2339,1.76,50.5,4255875000,0.77,0.5402,0.2139,0.045414813,0.102087814,0.2560875,0.219790843,0.059,0.006297781,8.91,59760000000,21720000000,2.14E+11,1.09E+11,55565000000,13880000000,13510000000,-14210000000,6740000000,4080000000,0.7429
14/06/2019,2.11E+11,4.1912,19.2361,0.018185,0.051986,Q2-2019,10280000000,10110000000,0.1788,0.207136108,0.2339,1.76,50.5,4255875000,0.77,0.5402,0.2139,0.045414813,0.102087814,0.2560875,0.219790843,0.059,0.006297781,8.91,59760000000,21720000000,2.14E+11,1.09E+11,55565000000,13880000000,13510000000,-14210000000,6740000000,4080000000,0.7429
13/06/2019,2.11E+11,4.1939,19.2484,0.018173,0.051952,Q2-2019,10280000000,10110000000,0.1788,0.207136108,0.2339,1.76,50.5,4255875000,0.77,0.5402,0.2139,0.045414813,0.102087814,0.2560875,0.219790843,0.059,0.006297781,8.91,59760000000,21720000000,2.14E+11,1.09E+11,55565000000,13880000000,13510000000,-14210000000,6740000000,4080000000,0.7429
12/06/2019,2.02E+11,4.0158,18.4308,0.018979,0.054257,Q2-2019,10280000000,10110000000,0.1788,0.207136108,0.2339,1.76,50.5,4255875000,0.77,0.5402,0.2139,0.045414813,0.102087814,0.2560875,0.219790843,0.059,0.006297781,8.91,59760000000,21720000000,2.14E+11,1.09E+11,55565000000,13880000000,13510000000,-14210000000,6740000000,4080000000,0.7429
11/06/2019,2.01E+11,3.9968,18.3439,0.019069,0.054514,Q2-2019,10280000000,10110000000,0.1788,0.207136108,0.2339,1.76,50.5,4255875000,0.77,0.5402,0.2139,0.045414813,0.102087814,0.2560875,0.219790843,0.059,0.006297781,8.91,59760000000,21720000000,2.14E+11,1.09E+11,55565000000,13880000000,13510000000,-14210000000,6740000000,4080000000,0.7429
10/06/2019,2.04E+11,4.0557,18.6142,0.018792,0.053723,Q2-2019,10280000000,10110000000,0.1788,0.207136108,0.2339,1.76,50.5,4255875000,0.77,0.5402,0.2139,0.045414813,0.102087814,0.2560875,0.219790843,0.059,0.006297781,8.91,59760000000,21720000000,2.14E+11,1.09E+11,55565000000,13880000000,13510000000,-14210000000,6740000000,4080000000,0.7429
07/06/2019,2.06E+11,4.0844,18.7459,0.01866,0.053345,Q2-2019,10280000000,10110000000,0.1788,0.207136108,0.2339,1.76,50.5,4255875000,0.77,0.5402,0.2139,0.045414813,0.102087814,0.2560875,0.219790843,0.059,0.006297781,8.91,59760000000,21720000000,2.14E+11,1.09E+11,55565000000,13880000000,13510000000,-14210000000,6740000000,4080000000,0.7429
06/06/2019,2.04E+11,4.0599,18.6332,0.018773,0.053668,Q2-2019,10280000000,10110000000,0.1788,0.207136108,0.2339,1.76,50.5,4255875000,0.77,0.5402,0.2139,0.045414813,0.102087814,0.2560875,0.219790843,0.059,0.006297781,8.91,59760000000,21720000000,2.14E+11,1.09E+11,55565000000,13880000000,13510000000,-14210000000,6740000000,4080000000,0.7429
05/06/2019,2.02E+11,4.0223,18.4607,0.018948,0.054169,Q2-2019,10280000000,10110000000,0.1788,0.207136108,0.2339,1.76,50.5,4255875000,0.77,0.5402,0.2139,0.045414813,0.102087814,0.2560875,0.219790843,0.059,0.006297781,8.91,59760000000,21720000000,2.14E+11,1.09E+11,55565000000,13880000000,13510000000,-14210000000,6740000000,4080000000,0.7429
04/06/2019,2.01E+11,3.9891,18.3086,0.019106,0.054619,Q2-2019,10280000000,10110000000,0.1788,0.207136108,0.2339,1.76,50.5,4255875000,0.77,0.5402,0.2139,0.045414813,0.102087814,0.2560875,0.219790843,0.059,0.006297781,8.91,59760000000,21720000000,2.14E+11,1.09E+11,55565000000,13880000000,13510000000,-14210000000,6740000000,4080000000,0.7429
03/06/2019,1.97E+11,3.9196,17.9895,0.019445,0.055588,Q2-2019,10280000000,10110000000,0.1788,0.207136108,0.2339,1.76,50.5,4255875000,0.77,0.5402,0.2139,0.045414813,0.102087814,0.2560875,0.219790843,0.059,0.006297781,8.91,59760000000,21720000000,2.14E+11,1.09E+11,55565000000,13880000000,13510000000,-14210000000,6740000000,4080000000,0.7429
31/05/2019,1.97E+11,3.9069,17.9311,0.019508,0.055769,Q2-2019,10280000000,10110000000,0.1788,0.207136108,0.2339,1.76,50.5,4255875000,0.77,0.5402,0.2139,0.045414813,0.102087814,0.2560875,0.219790843,0.059,0.006297781,8.91,59760000000,21720000000,2.14E+11,1.09E+11,55565000000,13880000000,13510000000,-14210000000,6740000000,4080000000,0.7429
30/05/2019,1.97E+11,3.9116,17.9528,0.019485,0.055702,Q2-2019,10280000000,10110000000,0.1788,0.207136108,0.2339,1.76,50.5,4255875000,0.77,0.5402,0.2139,0.045414813,0.102087814,0.2560875,0.219790843,0.059,0.006297781,8.91,59760000000,21720000000,2.14E+11,1.09E+11,55565000000,13880000000,13510000000,-14210000000,6740000000,4080000000,0.7068
29/05/2019,1.96E+11,3.893,17.8673,0.019578,0.055968,Q2-2019,10280000000,10110000000,0.1788,0.207136108,0.2339,1.76,50.5,4255875000,0.77,0.5402,0.2139,0.045414813,0.102087814,0.2560875,0.219790843,0.059,0.006297781,8.91,59760000000,21720000000,2.14E+11,1.09E+11,55565000000,13880000000,13510000000,-14210000000,6740000000,4080000000,0.7068
28/05/2019,1.97E+11,3.924,18.0099,0.019423,0.055525,Q2-2019,10280000000,10110000000,0.1788,0.207136108,0.2339,1.76,50.5,4255875000,0.77,0.5402,0.2139,0.045414813,0.102087814,0.2560875,0.219790843,0.059,0.006297781,8.91,59760000000,21720000000,2.14E+11,1.09E+11,55565000000,13880000000,13510000000,-14210000000,6740000000,4080000000,0.7068
24/05/2019,1.98E+11,3.9291,18.0329,0.019398,0.055454,Q2-2019,10280000000,10110000000,0.1788,0.207136108,0.2339,1.76,50.5,4255875000,0.77,0.5402,0.2139,0.045414813,0.102087814,0.2560875,0.219790843,0.059,0.006297781,8.91,59760000000,21720000000,2.14E+11,1.09E+11,55565000000,13880000000,13510000000,-14210000000,6740000000,4080000000,0.7068
23/05/2019,1.98E+11,3.9273,18.0248,0.019407,0.055479,Q2-2019,10280000000,10110000000,0.1788,0.207136108,0.2339,1.76,50.5,4255875000,0.77,0.5402,0.2139,0.045414813,0.102087814,0.2560875,0.219790843,0.059,0.006297781,8.91,59760000000,21720000000,2.14E+11,1.09E+11,55565000000,13880000000,13510000000,-14210000000,6740000000,4080000000,0.7068
22/05/2019,1.99E+11,3.9604,18.1769,0.019244,0.055015,Q2-2019,10280000000,10110000000,0.1788,0.207136108,0.2339,1.76,50.5,4255875000,0.77,0.5402,0.2139,0.045414813,0.102087814,0.2560875,0.219790843,0.059,0.006297781,8.91,59760000000,21720000000,2.14E+11,1.09E+11,55565000000,13880000000,13510000000,-14210000000,6740000000,4080000000,0.7068
21/05/2019,2.00E+11,3.9675,18.2095,0.01921,0.054916,Q2-2019,10280000000,10110000000,0.1788,0.207136108,0.2339,1.76,50.5,4255875000,0.77,0.5402,0.2139,0.045414813,0.102087814,0.2560875,0.219790843,0.059,0.006297781,8.91,59760000000,21720000000,2.14E+11,1.09E+11,55565000000,13880000000,13510000000,-14210000000,6740000000,4080000000,0.7068
20/05/2019,1.99E+11,3.9622,18.185,0.019236,0.05499,Q2-2019,10280000000,10110000000,0.1788,0.207136108,0.2339,1.76,50.5,4255875000,0.77,0.5402,0.2139,0.045414813,0.102087814,0.2560875,0.219790843,0.059,0.006297781,8.91,59760000000,21720000000,2.14E+11,1.09E+11,55565000000,13880000000,13510000000,-14210000000,6740000000,4080000000,0.7068
17/05/2019,2.01E+11,3.9956,18.3385,0.019075,0.05453,Q2-2019,10280000000,10110000000,0.1788,0.207136108,0.2339,1.76,50.5,4255875000,0.77,0.5402,0.2139,0.045414813,0.102087814,0.2560875,0.219790843,0.059,0.006297781,8.91,59760000000,21720000000,2.14E+11,1.09E+11,55565000000,13880000000,13510000000,-14210000000,6740000000,4080000000,0.7068
16/05/2019,2.02E+11,4.0093,18.401,0.01901,0.054345,Q2-2019,10280000000,10110000000,0.1788,0.207136108,0.2339,1.76,50.5,4255875000,0.77,0.5402,0.2139,0.045414813,0.102087814,0.2560875,0.219790843,0.059,0.006297781,8.91,59760000000,21720000000,2.14E+11,1.09E+11,55565000000,13880000000,13510000000,-14210000000,6740000000,4080000000,0.7068
15/05/2019,2.01E+11,3.985,18.2896,0.019126,0.054676,Q2-2019,10280000000,10110000000,0.1788,0.207136108,0.2339,1.76,50.5,4255875000,0.77,0.5402,0.2139,0.045414813,0.102087814,0.2560875,0.219790843,0.059,0.006297781,8.91,59760000000,21720000000,2.14E+11,1.09E+11,55565000000,13880000000,13510000000,-14210000000,6740000000,4080000000,0.7068
14/05/2019,1.98E+11,3.9412,18.0886,0.019338,0.055283,Q2-2019,10280000000,10110000000,0.1788,0.207136108,0.2339,1.76,50.5,4255875000,0.77,0.5402,0.2139,0.045414813,0.102087814,0.2560875,0.219790843,0.059,0.006297781,8.91,59760000000,21720000000,2.14E+11,1.09E+11,55565000000,13880000000,13510000000,-14210000000,6740000000,4080000000,0.7068
13/05/2019,1.96E+11,3.8862,17.836,0.019612,0.056066,Q2-2019,10280000000,10110000000,0.1788,0.207136108,0.2339,1.76,50.5,4255875000,0.77,0.5402,0.2139,0.045414813,0.102087814,0.2560875,0.219790843,0.059,0.006297781,8.91,59760000000,21720000000,2.14E+11,1.09E+11,55565000000,13880000000,13510000000,-14210000000,6740000000,4080000000,0.7068
10/05/2019,2.00E+11,3.9661,18.2027,0.019217,0.054937,Q2-2019,10280000000,10110000000,0.1788,0.207136108,0.2339,1.76,50.5,4255875000,0.77,0.5402,0.2139,0.045414813,0.102087814,0.2560875,0.219790843,0.059,0.006297781,8.91,59760000000,21720000000,2.14E+11,1.09E+11,55565000000,13880000000,13510000000,-14210000000,6740000000,4080000000,0.7068
09/05/2019,1.99E+11,3.9527,18.1416,0.019282,0.055122,Q2-2019,10280000000,10110000000,0.1788,0.207136108,0.2339,1.76,50.5,4255875000,0.77,0.5402,0.2139,0.045414813,0.102087814,0.2560875,0.219790843,0.059,0.006297781,8.91,59760000000,21720000000,2.14E+11,1.09E+11,55565000000,13880000000,13510000000,-14210000000,6740000000,4080000000,0.7068
08/05/2019,2.01E+11,3.9942,18.3317,0.019082,0.05455,Q2-2019,10280000000,10110000000,0.1788,0.207136108,0.2339,1.76,50.5,4255875000,0.77,0.5402,0.2139,0.045414813,0.102087814,0.2560875,0.219790843,0.059,0.006297781,8.91,59760000000,21720000000,2.14E+11,1.09E+11,55565000000,13880000000,13510000000,-14210000000,6740000000,4080000000,0.7068
07/05/2019,1.99E+11,3.9483,18.1212,0.019303,0.055184,Q2-2019,10280000000,10110000000,0.1788,0.207136108,0.2339,1.76,50.5,4255875000,0.77,0.5402,0.2139,0.045414813,0.102087814,0.2560875,0.219790843,0.059,0.006297781,8.91,59760000000,21720000000,2.14E+11,1.09E+11,55565000000,13880000000,13510000000,-14210000000,6740000000,4080000000,0.7068
06/05/2019,2.01E+11,3.9945,18.3331,0.01908,0.054546,Q2-2019,10280000000,10110000000,0.1788,0.207136108,0.2339,1.76,50.5,4255875000,0.77,0.5402,0.2139,0.045414813,0.102087814,0.2560875,0.219790843,0.059,0.006297781,8.91,59760000000,21720000000,2.14E+11,1.09E+11,55565000000,13880000000,13510000000,-14210000000,6740000000,4080000000,0.7068
03/05/2019,2.00E+11,3.9746,18.2421,0.019176,0.054818,Q2-2019,10280000000,10110000000,0.1788,0.207136108,0.2339,1.76,50.5,4255875000,0.77,0.5402,0.2139,0.045414813,0.102087814,0.2560875,0.219790843,0.059,0.006297781,8.91,59760000000,21720000000,2.14E+11,1.09E+11,55565000000,13880000000,13510000000,-14210000000,6740000000,4080000000,0.7068
02/05/2019,2.00E+11,3.969,18.2163,0.019203,0.054896,Q2-2019,10280000000,10110000000,0.1788,0.207136108,0.2339,1.76,50.5,4255875000,0.77,0.5402,0.2139,0.045414813,0.102087814,0.2560875,0.219790843,0.059,0.006297781,8.91,59760000000,21720000000,2.14E+11,1.09E+11,55565000000,13880000000,13510000000,-14210000000,6740000000,4080000000,0.7068
01/05/2019,2.03E+11,4.0353,18.5205,0.018887,0.053994,Q2-2019,10280000000,10110000000,0.1788,0.207136108,0.2339,1.76,50.5,4255875000,0.77,0.5402,0.2139,0.045414813,0.102087814,0.2560875,0.219790843,0.059,0.006297781,8.91,59760000000,21720000000,2.14E+11,1.09E+11,55565000000,13880000000,13510000000,-14210000000,6740000000,4080000000,0.7068
30/04/2019,2.04E+11,4.0528,18.6006,0.018806,0.053762,Q2-2019,10280000000,10110000000,0.1788,0.207136108,0.2339,1.76,50.5,4255875000,0.77,0.5402,0.2139,0.045414813,0.102087814,0.2560875,0.219790843,0.059,0.006297781,8.91,59760000000,21720000000,2.14E+11,1.09E+11,55565000000,13880000000,13510000000,-14210000000,6740000000,4080000000,0.7068
29/04/2019,2.07E+11,4.1217,18.917,0.018491,0.052863,Q2-2019,10280000000,10110000000,0.1788,0.207136108,0.2339,1.76,50.5,4255875000,0.77,0.5402,0.2139,0.045414813,0.102087814,0.2560875,0.219790843,0.059,0.006297781,8.91,59760000000,21720000000,2.14E+11,1.09E+11,55565000000,13880000000,13510000000,-14210000000,6740000000,4080000000,0.7068
26/04/2019,2.08E+11,4.14,19.0012,0.018409,0.052628,Q2-2019,10280000000,10110000000,0.1788,0.207136108,0.2339,1.76,50.5,4255875000,0.77,0.5402,0.2139,0.045414813,0.102087814,0.2560875,0.219790843,0.059,0.006297781,8.91,59760000000,21720000000,2.14E+11,1.09E+11,55565000000,13880000000,13510000000,-14210000000,6740000000,4080000000,0.4564
25/04/2019,2.04E+11,4.0607,18.6373,0.018769,0.053656,Q2-2019,10280000000,10110000000,0.1788,0.207136108,0.2339,1.76,50.5,4255875000,0.77,0.5402,0.2139,0.045414813,0.102087814,0.2560875,0.219790843,0.059,0.006297781,8.91,59760000000,21720000000,2.14E+11,1.09E+11,55565000000,13880000000,13510000000,-14210000000,6740000000,4080000000,0.4564
24/04/2019,2.01E+11,3.9974,18.3466,0.019066,0.054506,Q2-2019,10280000000,10110000000,0.1788,0.207136108,0.2339,1.76,50.5,4255875000,0.77,0.5402,0.2139,0.045414813,0.102087814,0.2560875,0.219790843,0.059,0.006297781,8.91,59760000000,21720000000,2.14E+11,1.09E+11,55565000000,13880000000,13510000000,-14210000000,6740000000,4080000000,0.4564
23/04/2019,1.99E+11,3.9459,18.1103,0.019315,0.055217,Q2-2019,10280000000,10110000000,0.1788,0.207136108,0.2339,1.76,50.5,4255875000,0.77,0.5402,0.2139,0.045414813,0.102087814,0.2560875,0.219790843,0.059,0.006297781,8.91,59760000000,21720000000,2.14E+11,1.09E+11,55565000000,13880000000,13510000000,-14210000000,6740000000,4080000000,0.4564
22/04/2019,1.96E+11,3.8962,17.8822,0.019561,0.055922,Q2-2019,10280000000,10110000000,0.1788,0.207136108,0.2339,1.76,50.5,4255875000,0.77,0.5402,0.2139,0.045414813,0.102087814,0.2560875,0.219790843,0.059,0.006297781,8.91,59760000000,21720000000,2.14E+11,1.09E+11,55565000000,13880000000,13510000000,-14210000000,6740000000,4080000000,0.4564
18/04/2019,1.97E+11,3.919,17.9868,0.019448,0.055596,Q2-2019,10280000000,10110000000,0.1788,0.207136108,0.2339,1.76,50.5,4255875000,0.77,0.5402,0.2139,0.045414813,0.102087814,0.2560875,0.219790843,0.059,0.006297781,8.91,59760000000,21720000000,2.14E+11,1.09E+11,55565000000,13880000000,13510000000,-14210000000,6740000000,4080000000,0.4564
17/04/2019,1.96E+11,3.8983,17.8917,0.019551,0.055892,Q2-2019,10280000000,10110000000,0.1788,0.207136108,0.2339,1.76,50.5,4255875000,0.77,0.5402,0.2139,0.045414813,0.102087814,0.2560875,0.219790843,0.059,0.006297781,8.91,59760000000,21720000000,2.14E+11,1.09E+11,55565000000,13880000000,13510000000,-14210000000,6740000000,4080000000,0.4564
16/04/2019,1.93E+11,3.8436,17.6405,0.01983,0.056688,Q2-2019,10280000000,10110000000,0.1788,0.207136108,0.2339,1.76,50.5,4255875000,0.77,0.5402,0.2139,0.045414813,0.102087814,0.2560875,0.219790843,0.059,0.006297781,8.91,59760000000,21720000000,2.14E+11,1.09E+11,55565000000,13880000000,13510000000,-14210000000,6740000000,4080000000,0.4564
15/04/2019,1.97E+11,3.9069,17.9311,0.019508,0.055769,Q2-2019,10280000000,10110000000,0.1788,0.207136108,0.2339,1.76,50.5,4255875000,0.77,0.5402,0.2139,0.045414813,0.102087814,0.2560875,0.219790843,0.059,0.006297781,8.91,59760000000,21720000000,2.14E+11,1.09E+11,55565000000,13880000000,13510000000,-14210000000,6740000000,4080000000,0.4564
12/04/2019,1.94E+11,3.8483,17.6622,0.019805,0.056618,Q2-2019,10280000000,10110000000,0.1788,0.207136108,0.2339,1.76,50.5,4255875000,0.77,0.5402,0.2139,0.045414813,0.102087814,0.2560875,0.219790843,0.059,0.006297781,8.91,59760000000,21720000000,2.14E+11,1.09E+11,55565000000,13880000000,13510000000,-14210000000,6740000000,4080000000,0.4564
11/04/2019,1.74E+11,3.45,15.8343,0.022091,0.063154,Q2-2019,10280000000,10110000000,0.1788,0.207136108,0.2339,1.76,50.5,4255875000,0.77,0.5402,0.2139,0.045414813,0.102087814,0.2560875,0.219790843,0.059,0.006297781,8.91,59760000000,21720000000,2.14E+11,1.09E+11,55565000000,13880000000,13510000000,-14210000000,6740000000,4080000000,0.4564
10/04/2019,1.74E+11,3.4666,15.9104,0.021986,0.062852,Q2-2019,10280000000,10110000000,0.1788,0.207136108,0.2339,1.76,50.5,4255875000,0.77,0.5402,0.2139,0.045414813,0.102087814,0.2560875,0.219790843,0.059,0.006297781,8.91,59760000000,21720000000,2.14E+11,1.09E+11,55565000000,13880000000,13510000000,-14210000000,6740000000,4080000000,0.4564
09/04/2019,1.74E+11,3.4577,15.8696,0.022042,0.063013,Q2-2019,10280000000,10110000000,0.1788,0.207136108,0.2339,1.76,50.5,4255875000,0.77,0.5402,0.2139,0.045414813,0.102087814,0.2560875,0.219790843,0.059,0.006297781,8.91,59760000000,21720000000,2.14E+11,1.09E+11,55565000000,13880000000,13510000000,-14210000000,6740000000,4080000000,0.4564
08/04/2019,1.71E+11,3.4015,15.6116,0.022407,0.064055,Q2-2019,10280000000,10110000000,0.1788,0.207136108,0.2339,1.76,50.5,4255875000,0.77,0.5402,0.2139,0.045414813,0.102087814,0.2560875,0.219790843,0.059,0.006297781,8.91,59760000000,21720000000,2.14E+11,1.09E+11,55565000000,13880000000,13510000000,-14210000000,6740000000,4080000000,0.4564
05/04/2019,1.71E+11,3.4027,15.6171,0.022399,0.064033,Q2-2019,10280000000,10110000000,0.1788,0.207136108,0.2339,1.76,50.5,4255875000,0.77,0.5402,0.2139,0.045414813,0.102087814,0.2560875,0.219790843,0.059,0.006297781,8.91,59760000000,21720000000,2.14E+11,1.09E+11,55565000000,13880000000,13510000000,-14210000000,6740000000,4080000000,0.4564
04/04/2019,1.71E+11,3.3953,15.5831,0.022448,0.064172,Q2-2019,10280000000,10110000000,0.1788,0.207136108,0.2339,1.76,50.5,4255875000,0.77,0.5402,0.2139,0.045414813,0.102087814,0.2560875,0.219790843,0.059,0.006297781,8.91,59760000000,21720000000,2.14E+11,1.09E+11,55565000000,13880000000,13510000000,-14210000000,6740000000,4080000000,0.4564
03/04/2019,1.68E+11,3.3293,15.2803,0.022892,0.065444,Q2-2019,10280000000,10110000000,0.1788,0.207136108,0.2339,1.76,50.5,4255875000,0.77,0.5402,0.2139,0.045414813,0.102087814,0.2560875,0.219790843,0.059,0.006297781,8.91,59760000000,21720000000,2.14E+11,1.09E+11,55565000000,13880000000,13510000000,-14210000000,6740000000,4080000000,0.4564
02/04/2019,1.67E+11,3.3127,15.2042,0.023007,0.065771,Q2-2019,10280000000,10110000000,0.1788,0.207136108,0.2339,1.76,50.5,4255875000,0.77,0.5402,0.2139,0.045414813,0.102087814,0.2560875,0.219790843,0.059,0.006297781,8.91,59760000000,21720000000,2.14E+11,1.09E+11,55565000000,13880000000,13510000000,-14210000000,6740000000,4080000000,0.4564
01/04/2019,1.68E+11,3.329,15.2789,0.022894,0.06545,Q2-2019,10280000000,10110000000,0.1788,0.207136108,0.2339,1.76,50.5,4255875000,0.77,0.5402,0.2139,0.045414813,0.102087814,0.2560875,0.219790843,0.059,0.006297781,8.91,59760000000,21720000000,2.14E+11,1.09E+11,55565000000,13880000000,13510000000,-14210000000,6740000000,4080000000,0.4564
29/03/2019,1.65E+11,3.2852,15.0779,0.0232,0.066322,Q1-2019,11401892196,9077892196,0.219371,0.070056,0.302984,1.72,33.5888,4679000000,0.9953,0.3722,0.036879,0.034983,0.947602,0.3031,0.002467,0.115128,0.066099,7.34,59386000000,17993000000,99941000000,44424000000,20665000000,11379000000,14157000000,-5629000000,-8670000000,2970000000,0.4564
28/03/2019,1.65E+11,3.2758,15.0345,0.023267,0.066514,Q1-2019,11401892196,9077892196,0.219371,0.070056,0.302984,1.72,33.5888,4679000000,0.9953,0.3722,0.036879,0.034983,0.947602,0.3031,0.002467,0.115128,0.066099,7.34,59386000000,17993000000,99941000000,44424000000,20665000000,11379000000,14157000000,-5629000000,-8670000000,2970000000,0.4564
27/03/2019,1.64E+11,3.263,14.9761,0.023357,0.066773,Q1-2019,11401892196,9077892196,0.219371,0.070056,0.302984,1.72,33.5888,4679000000,0.9953,0.3722,0.036879,0.034983,0.947602,0.3031,0.002467,0.115128,0.066099,7.34,59386000000,17993000000,99941000000,44424000000,20665000000,11379000000,14157000000,-5629000000,-8670000000,2970000000,0.5443
26/03/2019,1.64E+11,3.2589,14.9571,0.023387,0.066858,Q1-2019,11401892196,9077892196,0.219371,0.070056,0.302984,1.72,33.5888,4679000000,0.9953,0.3722,0.036879,0.034983,0.947602,0.3031,0.002467,0.115128,0.066099,7.34,59386000000,17993000000,99941000000,44424000000,20665000000,11379000000,14157000000,-5629000000,-8670000000,2970000000,0.5443
25/03/2019,1.60E+11,3.1894,14.6379,0.023897,0.068316,Q1-2019,11401892196,9077892196,0.219371,0.070056,0.302984,1.72,33.5888,4679000000,0.9953,0.3722,0.036879,0.034983,0.947602,0.3031,0.002467,0.115128,0.066099,7.34,59386000000,17993000000,99941000000,44424000000,20665000000,11379000000,14157000000,-5629000000,-8670000000,2970000000,0.5443
22/03/2019,1.61E+11,3.2024,14.6977,0.0238,0.068038,Q1-2019,11401892196,9077892196,0.219371,0.070056,0.302984,1.72,33.5888,4679000000,0.9953,0.3722,0.036879,0.034983,0.947602,0.3031,0.002467,0.115128,0.066099,7.34,59386000000,17993000000,99941000000,44424000000,20665000000,11379000000,14157000000,-5629000000,-8670000000,2970000000,0.5443
21/03/2019,1.62E+11,3.2151,14.7561,0.023706,0.067769,Q1-2019,11401892196,9077892196,0.219371,0.070056,0.302984,1.72,33.5888,4679000000,0.9953,0.3722,0.036879,0.034983,0.947602,0.3031,0.002467,0.115128,0.066099,7.34,59386000000,17993000000,99941000000,44424000000,20665000000,11379000000,14157000000,-5629000000,-8670000000,2970000000,0.5443
20/03/2019,1.64E+11,3.2545,14.9367,0.023419,0.066949,Q1-2019,11401892196,9077892196,0.219371,0.070056,0.302984,1.72,33.5888,4679000000,0.9953,0.3722,0.036879,0.034983,0.947602,0.3031,0.002467,0.115128,0.066099,7.34,59386000000,17993000000,99941000000,44424000000,20665000000,11379000000,14157000000,-5629000000,-8670000000,2970000000,0.5443
19/03/2019,1.64E+11,3.2547,14.938,0.023417,0.066943,Q1-2019,11401892196,9077892196,0.219371,0.070056,0.302984,1.72,33.5888,4679000000,0.9953,0.3722,0.036879,0.034983,0.947602,0.3031,0.002467,0.115128,0.066099,7.34,59386000000,17993000000,99941000000,44424000000,20665000000,11379000000,14157000000,-5629000000,-8670000000,2970000000,0.5443
18/03/2019,1.68E+11,3.3471,15.3617,0.022771,0.065097,Q1-2019,11401892196,9077892196,0.219371,0.070056,0.302984,1.72,33.5888,4679000000,0.9953,0.3722,0.036879,0.034983,0.947602,0.3031,0.002467,0.115128,0.066099,7.34,59386000000,17993000000,99941000000,44424000000,20665000000,11379000000,14157000000,-5629000000,-8670000000,2970000000,0.5443
15/03/2019,1.71E+11,3.4015,15.6116,0.022407,0.064055,Q1-2019,11401892196,9077892196,0.219371,0.070056,0.302984,1.72,33.5888,4679000000,0.9953,0.3722,0.036879,0.034983,0.947602,0.3031,0.002467,0.115128,0.066099,7.34,59386000000,17993000000,99941000000,44424000000,20665000000,11379000000,14157000000,-5629000000,-8670000000,2970000000,0.5443
14/03/2019,1.70E+11,3.3873,15.5464,0.0225,0.064323,Q1-2019,11401892196,9077892196,0.219371,0.070056,0.302984,1.72,33.5888,4679000000,0.9953,0.3722,0.036879,0.034983,0.947602,0.3031,0.002467,0.115128,0.066099,7.34,59386000000,17993000000,99941000000,44424000000,20665000000,11379000000,14157000000,-5629000000,-8670000000,2970000000,0.5443
13/03/2019,1.70E+11,3.3758,15.4935,0.022577,0.064543,Q1-2019,11401892196,9077892196,0.219371,0.070056,0.302984,1.72,33.5888,4679000000,0.9953,0.3722,0.036879,0.034983,0.947602,0.3031,0.002467,0.115128,0.066099,7.34,59386000000,17993000000,99941000000,44424000000,20665000000,11379000000,14157000000,-5629000000,-8670000000,2970000000,0.5443
12/03/2019,1.71E+11,3.3947,15.5804,0.022451,0.064183,Q1-2019,11401892196,9077892196,0.219371,0.070056,0.302984,1.72,33.5888,4679000000,0.9953,0.3722,0.036879,0.034983,0.947602,0.3031,0.002467,0.115128,0.066099,7.34,59386000000,17993000000,99941000000,44424000000,20665000000,11379000000,14157000000,-5629000000,-8670000000,2970000000,0.5443
11/03/2019,1.71E+11,3.3953,15.5831,0.022448,0.064172,Q1-2019,11401892196,9077892196,0.219371,0.070056,0.302984,1.72,33.5888,4679000000,0.9953,0.3722,0.036879,0.034983,0.947602,0.3031,0.002467,0.115128,0.066099,7.34,59386000000,17993000000,99941000000,44424000000,20665000000,11379000000,14157000000,-5629000000,-8670000000,2970000000,0.5443
08/03/2019,1.69E+11,3.3675,15.4554,0.022633,0.064702,Q1-2019,11401892196,9077892196,0.219371,0.070056,0.302984,1.72,33.5888,4679000000,0.9953,0.3722,0.036879,0.034983,0.947602,0.3031,0.002467,0.115128,0.066099,7.34,59386000000,17993000000,99941000000,44424000000,20665000000,11379000000,14157000000,-5629000000,-8670000000,2970000000,0.5443
07/03/2019,1.70E+11,3.3734,15.4826,0.022593,0.064589,Q1-2019,11401892196,9077892196,0.219371,0.070056,0.302984,1.72,33.5888,4679000000,0.9953,0.3722,0.036879,0.034983,0.947602,0.3031,0.002467,0.115128,0.066099,7.34,59386000000,17993000000,99941000000,44424000000,20665000000,11379000000,14157000000,-5629000000,-8670000000,2970000000,0.5443
06/03/2019,1.71E+11,3.3983,15.5967,0.022428,0.064116,Q1-2019,11401892196,9077892196,0.219371,0.070056,0.302984,1.72,33.5888,4679000000,0.9953,0.3722,0.036879,0.034983,0.947602,0.3031,0.002467,0.115128,0.066099,7.34,59386000000,17993000000,99941000000,44424000000,20665000000,11379000000,14157000000,-5629000000,-8670000000,2970000000,0.5443
05/03/2019,1.70E+11,3.3731,15.4813,0.022595,0.064594,Q1-2019,11401892196,9077892196,0.219371,0.070056,0.302984,1.72,33.5888,4679000000,0.9953,0.3722,0.036879,0.034983,0.947602,0.3031,0.002467,0.115128,0.066099,7.34,59386000000,17993000000,99941000000,44424000000,20665000000,11379000000,14157000000,-5629000000,-8670000000,2970000000,0.5443
04/03/2019,1.70E+11,3.3829,15.5261,0.02253,0.064408,Q1-2019,11401892196,9077892196,0.219371,0.070056,0.302984,1.72,33.5888,4679000000,0.9953,0.3722,0.036879,0.034983,0.947602,0.3031,0.002467,0.115128,0.066099,7.34,59386000000,17993000000,99941000000,44424000000,20665000000,11379000000,14157000000,-5629000000,-8670000000,2970000000,0.5443
01/03/2019,1.70E+11,3.3734,15.4826,0.022593,0.064589,Q1-2019,11401892196,9077892196,0.219371,0.070056,0.302984,1.72,33.5888,4679000000,0.9953,0.3722,0.036879,0.034983,0.947602,0.3031,0.002467,0.115128,0.066099,7.34,59386000000,17993000000,99941000000,44424000000,20665000000,11379000000,14157000000,-5629000000,-8670000000,2970000000,0.5443
28/02/2019,1.68E+11,3.3388,15.3237,0.022827,0.065258,Q1-2019,11401892196,9077892196,0.219371,0.070056,0.302984,1.72,33.5888,4679000000,0.9953,0.3722,0.036879,0.034983,0.947602,0.3031,0.002467,0.115128,0.066099,7.34,59386000000,17993000000,99941000000,44424000000,20665000000,11379000000,14157000000,-5629000000,-8670000000,2970000000,0.5443
27/02/2019,1.68E+11,3.337,15.3156,0.02284,0.065293,Q1-2019,11401892196,9077892196,0.219371,0.070056,0.302984,1.72,33.5888,4679000000,0.9953,0.3722,0.036879,0.034983,0.947602,0.3031,0.002467,0.115128,0.066099,7.34,59386000000,17993000000,99941000000,44424000000,20665000000,11379000000,14157000000,-5629000000,-8670000000,2970000000,0.5443
26/02/2019,1.69E+11,3.3583,15.4134,0.022695,0.064879,Q1-2019,11401892196,9077892196,0.219371,0.070056,0.302984,1.72,33.5888,4679000000,0.9953,0.3722,0.036879,0.034983,0.947602,0.3031,0.002467,0.115128,0.066099,7.34,59386000000,17993000000,99941000000,44424000000,20665000000,11379000000,14157000000,-5629000000,-8670000000,2970000000,0.5443
25/02/2019,1.69E+11,3.361,15.4256,0.022677,0.064827,Q1-2019,11401892196,9077892196,0.219371,0.070056,0.302984,1.72,33.5888,4679000000,0.9953,0.3722,0.036879,0.034983,0.947602,0.3031,0.002467,0.115128,0.066099,7.34,59386000000,17993000000,99941000000,44424000000,20665000000,11379000000,14157000000,-5629000000,-8670000000,2970000000,0.5058
22/02/2019,1.72E+11,3.4101,15.651,0.02235,0.063894,Q1-2019,11401892196,9077892196,0.219371,0.070056,0.302984,1.72,33.5888,4679000000,0.9953,0.3722,0.036879,0.034983,0.947602,0.3031,0.002467,0.115128,0.066099,7.34,59386000000,17993000000,99941000000,44424000000,20665000000,11379000000,14157000000,-5629000000,-8670000000,2970000000,0.5058
21/02/2019,1.70E+11,3.3817,15.5206,0.022538,0.06443,Q1-2019,11401892196,9077892196,0.219371,0.070056,0.302984,1.72,33.5888,4679000000,0.9953,0.3722,0.036879,0.034983,0.947602,0.3031,0.002467,0.115128,0.066099,7.34,59386000000,17993000000,99941000000,44424000000,20665000000,11379000000,14157000000,-5629000000,-8670000000,2970000000,0.5058
20/02/2019,1.69E+11,3.3636,15.4378,0.022659,0.064776,Q1-2019,11401892196,9077892196,0.219371,0.070056,0.302984,1.72,33.5888,4679000000,0.9953,0.3722,0.036879,0.034983,0.947602,0.3031,0.002467,0.115128,0.066099,7.34,59386000000,17993000000,99941000000,44424000000,20665000000,11379000000,14157000000,-5629000000,-8670000000,2970000000,0.5058
19/02/2019,1.69E+11,3.3586,15.4147,0.022693,0.064873,Q1-2019,11401892196,9077892196,0.219371,0.070056,0.302984,1.72,33.5888,4679000000,0.9953,0.3722,0.036879,0.034983,0.947602,0.3031,0.002467,0.115128,0.066099,7.34,59386000000,17993000000,99941000000,44424000000,20665000000,11379000000,14157000000,-5629000000,-8670000000,2970000000,0.5058
15/02/2019,1.68E+11,3.3314,15.2898,0.022878,0.065403,Q1-2019,11401892196,9077892196,0.219371,0.070056,0.302984,1.72,33.5888,4679000000,0.9953,0.3722,0.036879,0.034983,0.947602,0.3031,0.002467,0.115128,0.066099,7.34,59386000000,17993000000,99941000000,44424000000,20665000000,11379000000,14157000000,-5629000000,-8670000000,2970000000,0.5058
14/02/2019,1.65E+11,3.2743,15.0277,0.023277,0.066544,Q1-2019,11401892196,9077892196,0.219371,0.070056,0.302984,1.72,33.5888,4679000000,0.9953,0.3722,0.036879,0.034983,0.947602,0.3031,0.002467,0.115128,0.066099,7.34,59386000000,17993000000,99941000000,44424000000,20665000000,11379000000,14157000000,-5629000000,-8670000000,2970000000,0.5058
13/02/2019,1.64E+11,3.2607,14.9652,0.023374,0.066822,Q1-2019,11401892196,9077892196,0.219371,0.070056,0.302984,1.72,33.5888,4679000000,0.9953,0.3722,0.036879,0.034983,0.947602,0.3031,0.002467,0.115128,0.066099,7.34,59386000000,17993000000,99941000000,44424000000,20665000000,11379000000,14157000000,-5629000000,-8670000000,2970000000,0.5058
12/02/2019,1.63E+11,3.2311,14.8294,0.023588,0.067434,Q1-2019,11401892196,9077892196,0.219371,0.070056,0.302984,1.72,33.5888,4679000000,0.9953,0.3722,0.036879,0.034983,0.947602,0.3031,0.002467,0.115128,0.066099,7.34,59386000000,17993000000,99941000000,44424000000,20665000000,11379000000,14157000000,-5629000000,-8670000000,2970000000,0.5058
11/02/2019,1.63E+11,3.2382,14.862,0.023537,0.067286,Q1-2019,11401892196,9077892196,0.219371,0.070056,0.302984,1.72,33.5888,4679000000,0.9953,0.3722,0.036879,0.034983,0.947602,0.3031,0.002467,0.115128,0.066099,7.34,59386000000,17993000000,99941000000,44424000000,20665000000,11379000000,14157000000,-5629000000,-8670000000,2970000000,0.5058
08/02/2019,1.66E+11,3.2994,15.1431,0.0231,0.066037,Q1-2019,11401892196,9077892196,0.219371,0.070056,0.302984,1.72,33.5888,4679000000,0.9953,0.3722,0.036879,0.034983,0.947602,0.3031,0.002467,0.115128,0.066099,7.34,59386000000,17993000000,99941000000,44424000000,20665000000,11379000000,14157000000,-5629000000,-8670000000,2970000000,0.5058
07/02/2019,1.65E+11,3.2829,15.0671,0.023216,0.06637,Q1-2019,11401892196,9077892196,0.219371,0.070056,0.302984,1.72,33.5888,4679000000,0.9953,0.3722,0.036879,0.034983,0.947602,0.3031,0.002467,0.115128,0.066099,7.34,59386000000,17993000000,99941000000,44424000000,20665000000,11379000000,14157000000,-5629000000,-8670000000,2970000000,0.5058
06/02/2019,1.66E+11,3.2965,15.1295,0.02312,0.066096,Q1-2019,11401892196,9077892196,0.219371,0.070056,0.302984,1.72,33.5888,4679000000,0.9953,0.3722,0.036879,0.034983,0.947602,0.3031,0.002467,0.115128,0.066099,7.34,59386000000,17993000000,99941000000,44424000000,20665000000,11379000000,14157000000,-5629000000,-8670000000,2970000000,0.5058
05/02/2019,1.68E+11,3.3335,15.2993,0.022864,0.065363,Q1-2019,11401892196,9077892196,0.219371,0.070056,0.302984,1.72,33.5888,4679000000,0.9953,0.3722,0.036879,0.034983,0.947602,0.3031,0.002467,0.115128,0.066099,7.34,59386000000,17993000000,99941000000,44424000000,20665000000,11379000000,14157000000,-5629000000,-8670000000,2970000000,0.5058
04/02/2019,1.66E+11,3.308,15.1825,0.02304,0.065865,Q1-2019,11401892196,9077892196,0.219371,0.070056,0.302984,1.72,33.5888,4679000000,0.9953,0.3722,0.036879,0.034983,0.947602,0.3031,0.002467,0.115128,0.066099,7.34,59386000000,17993000000,99941000000,44424000000,20665000000,11379000000,14157000000,-5629000000,-8670000000,2970000000,0.5058
01/02/2019,1.66E+11,3.2932,15.1146,0.023143,0.066161,Q1-2019,11401892196,9077892196,0.219371,0.070056,0.302984,1.72,33.5888,4679000000,0.9953,0.3722,0.036879,0.034983,0.947602,0.3031,0.002467,0.115128,0.066099,7.34,59386000000,17993000000,99941000000,44424000000,20665000000,11379000000,14157000000,-5629000000,-8670000000,2970000000,0.5058
31/01/2019,1.66E+11,3.2997,15.1445,0.023098,0.066031,Q1-2019,11401892196,9077892196,0.219371,0.070056,0.302984,1.72,33.5888,4679000000,0.9953,0.3722,0.036879,0.034983,0.947602,0.3031,0.002467,0.115128,0.066099,7.34,59386000000,17993000000,99941000000,44424000000,20665000000,11379000000,14157000000,-5629000000,-8670000000,2970000000,0.5058
30/01/2019,1.64E+11,3.2586,14.9557,0.023389,0.066864,Q1-2019,11401892196,9077892196,0.219371,0.070056,0.302984,1.72,33.5888,4679000000,0.9953,0.3722,0.036879,0.034983,0.947602,0.3031,0.002467,0.115128,0.066099,7.34,59386000000,17993000000,99941000000,44424000000,20665000000,11379000000,14157000000,-5629000000,-8670000000,2970000000,0.5058
29/01/2019,1.65E+11,3.2814,15.0603,0.023227,0.0664,Q1-2019,11401892196,9077892196,0.219371,0.070056,0.302984,1.72,33.5888,4679000000,0.9953,0.3722,0.036879,0.034983,0.947602,0.3031,0.002467,0.115128,0.066099,7.34,59386000000,17993000000,99941000000,44424000000,20665000000,11379000000,14157000000,-5629000000,-8670000000,2970000000,0.5058
28/01/2019,1.65E+11,3.2787,15.048,0.023246,0.066454,Q1-2019,11401892196,9077892196,0.219371,0.070056,0.302984,1.72,33.5888,4679000000,0.9953,0.3722,0.036879,0.034983,0.947602,0.3031,0.002467,0.115128,0.066099,7.34,59386000000,17993000000,99941000000,44424000000,20665000000,11379000000,14157000000,-5629000000,-8670000000,2970000000,0.5058
25/01/2019,1.65E+11,3.287,15.0861,0.023187,0.066286,Q1-2019,11401892196,9077892196,0.219371,0.070056,0.302984,1.72,33.5888,4679000000,0.9953,0.3722,0.036879,0.034983,0.947602,0.3031,0.002467,0.115128,0.066099,7.34,59386000000,17993000000,99941000000,44424000000,20665000000,11379000000,14157000000,-5629000000,-8670000000,2970000000,0.6191
24/01/2019,1.65E+11,3.271,15.0127,0.0233,0.06661,Q1-2019,11401892196,9077892196,0.219371,0.070056,0.302984,1.72,33.5888,4679000000,0.9953,0.3722,0.036879,0.034983,0.947602,0.3031,0.002467,0.115128,0.066099,7.34,59386000000,17993000000,99941000000,44424000000,20665000000,11379000000,14157000000,-5629000000,-8670000000,2970000000,0.6191
23/01/2019,1.65E+11,3.2879,15.0901,0.023181,0.066268,Q1-2019,11401892196,9077892196,0.219371,0.070056,0.302984,1.72,33.5888,4679000000,0.9953,0.3722,0.036879,0.034983,0.947602,0.3031,0.002467,0.115128,0.066099,7.34,59386000000,17993000000,99941000000,44424000000,20665000000,11379000000,14157000000,-5629000000,-8670000000,2970000000,0.6191
22/01/2019,1.65E+11,3.2725,15.0195,0.02329,0.06658,Q1-2019,11401892196,9077892196,0.219371,0.070056,0.302984,1.72,33.5888,4679000000,0.9953,0.3722,0.036879,0.034983,0.947602,0.3031,0.002467,0.115128,0.066099,7.34,59386000000,17993000000,99941000000,44424000000,20665000000,11379000000,14157000000,-5629000000,-8670000000,2970000000,0.6191
18/01/2019,1.65E+11,3.2855,15.0793,0.023198,0.066316,Q1-2019,11401892196,9077892196,0.219371,0.070056,0.302984,1.72,33.5888,4679000000,0.9953,0.3722,0.036879,0.034983,0.947602,0.3031,0.002467,0.115128,0.066099,7.34,59386000000,17993000000,99941000000,44424000000,20665000000,11379000000,14157000000,-5629000000,-8670000000,2970000000,0.6191
17/01/2019,1.65E+11,3.2846,15.0752,0.023204,0.066334,Q1-2019,11401892196,9077892196,0.219371,0.070056,0.302984,1.72,33.5888,4679000000,0.9953,0.3722,0.036879,0.034983,0.947602,0.3031,0.002467,0.115128,0.066099,7.34,59386000000,17993000000,99941000000,44424000000,20665000000,11379000000,14157000000,-5629000000,-8670000000,2970000000,0.6191
16/01/2019,1.65E+11,3.2817,15.0616,0.023225,0.066394,Q1-2019,11401892196,9077892196,0.219371,0.070056,0.302984,1.72,33.5888,4679000000,0.9953,0.3722,0.036879,0.034983,0.947602,0.3031,0.002467,0.115128,0.066099,7.34,59386000000,17993000000,99941000000,44424000000,20665000000,11379000000,14157000000,-5629000000,-8670000000,2970000000,0.6191
15/01/2019,1.66E+11,3.3068,15.1771,0.023048,0.065889,Q1-2019,11401892196,9077892196,0.219371,0.070056,0.302984,1.72,33.5888,4679000000,0.9953,0.3722,0.036879,0.034983,0.947602,0.3031,0.002467,0.115128,0.066099,7.34,59386000000,17993000000,99941000000,44424000000,20665000000,11379000000,14157000000,-5629000000,-8670000000,2970000000,0.6191
14/01/2019,1.67E+11,3.3264,15.2667,0.022913,0.065502,Q1-2019,11401892196,9077892196,0.219371,0.070056,0.302984,1.72,33.5888,4679000000,0.9953,0.3722,0.036879,0.034983,0.947602,0.3031,0.002467,0.115128,0.066099,7.34,59386000000,17993000000,99941000000,44424000000,20665000000,11379000000,14157000000,-5629000000,-8670000000,2970000000,0.6191
11/01/2019,1.68E+11,3.3332,15.2979,0.022866,0.065368,Q1-2019,11401892196,9077892196,0.219371,0.070056,0.302984,1.72,33.5888,4679000000,0.9953,0.3722,0.036879,0.034983,0.947602,0.3031,0.002467,0.115128,0.066099,7.34,59386000000,17993000000,99941000000,44424000000,20665000000,11379000000,14157000000,-5629000000,-8670000000,2970000000,0.6191
10/01/2019,1.68E+11,3.3376,15.3183,0.022836,0.065281,Q1-2019,11401892196,9077892196,0.219371,0.070056,0.302984,1.72,33.5888,4679000000,0.9953,0.3722,0.036879,0.034983,0.947602,0.3031,0.002467,0.115128,0.066099,7.34,59386000000,17993000000,99941000000,44424000000,20665000000,11379000000,14157000000,-5629000000,-8670000000,2970000000,0.6191
09/01/2019,1.68E+11,3.3337,15.3006,0.022862,0.065357,Q1-2019,11401892196,9077892196,0.219371,0.070056,0.302984,1.72,33.5888,4679000000,0.9953,0.3722,0.036879,0.034983,0.947602,0.3031,0.002467,0.115128,0.066099,7.34,59386000000,17993000000,99941000000,44424000000,20665000000,11379000000,14157000000,-5629000000,-8670000000,2970000000,0.6191
08/01/2019,1.66E+11,3.2968,15.1309,0.023118,0.06609,Q1-2019,11401892196,9077892196,0.219371,0.070056,0.302984,1.72,33.5888,4679000000,0.9953,0.3722,0.036879,0.034983,0.947602,0.3031,0.002467,0.115128,0.066099,7.34,59386000000,17993000000,99941000000,44424000000,20665000000,11379000000,14157000000,-5629000000,-8670000000,2970000000,0.6191
07/01/2019,1.65E+11,3.2713,15.0141,0.023298,0.066604,Q1-2019,11401892196,9077892196,0.219371,0.070056,0.302984,1.72,33.5888,4679000000,0.9953,0.3722,0.036879,0.034983,0.947602,0.3031,0.002467,0.115128,0.066099,7.34,59386000000,17993000000,99941000000,44424000000,20665000000,11379000000,14157000000,-5629000000,-8670000000,2970000000,0.6191
04/01/2019,1.63E+11,3.2432,14.8851,0.0235,0.067181,Q1-2019,11401892196,9077892196,0.219371,0.070056,0.302984,1.72,33.5888,4679000000,0.9953,0.3722,0.036879,0.034983,0.947602,0.3031,0.002467,0.115128,0.066099,7.34,59386000000,17993000000,99941000000,44424000000,20665000000,11379000000,14157000000,-5629000000,-8670000000,2970000000,0.6191
03/01/2019,1.58E+11,3.1462,14.4397,0.024225,0.069254,Q1-2019,11401892196,9077892196,0.219371,0.070056,0.302984,1.72,33.5888,4679000000,0.9953,0.3722,0.036879,0.034983,0.947602,0.3031,0.002467,0.115128,0.066099,7.34,59386000000,17993000000,99941000000,44424000000,20665000000,11379000000,14157000000,-5629000000,-8670000000,2970000000,0.6191
02/01/2019,1.62E+11,3.2243,14.7982,0.023638,0.067576,Q1-2019,11401892196,9077892196,0.219371,0.070056,0.302984,1.72,33.5888,4679000000,0.9953,0.3722,0.036879,0.034983,0.947602,0.3031,0.002467,0.115128,0.066099,7.34,59386000000,17993000000,99941000000,44424000000,20665000000,11379000000,14157000000,-5629000000,-8670000000,2970000000,0.6191
31/12/2018,1.63E+11,3.2444,14.8905,0.023492,0.067157,Q1-2019,11401892196,9077892196,0.219371,0.070056,0.302984,1.72,33.5888,4679000000,0.9953,0.3722,0.036879,0.034983,0.947602,0.3031,0.002467,0.115128,0.066099,7.34,59386000000,17993000000,99941000000,44424000000,20665000000,11379000000,14157000000,-5629000000,-8670000000,2970000000,0.6191
28/12/2018,1.61E+11,3.295,12.7565,0.024006,0.078392,Q4-2018,13132532012,9576532012,0.261041,0.107063,0.309856,1.68,32.3643,4465000000,0.942,0.3869,0.469244,0.055369,1.563195,0.3186,0.395046,0.134433,0.077933,8.4,59434000000,18416000000,98598000000,44643000000,20874000000,13066000000,14295000000,-5336000000,-8843000000,2899000000,0.6191
27/12/2018,1.60E+11,3.271,12.6637,0.024182,0.078966,Q4-2018,13132532012,9576532012,0.261041,0.107063,0.309856,1.68,32.3643,4465000000,0.942,0.3869,0.469244,0.055369,1.563195,0.3186,0.395046,0.134433,0.077933,8.4,59434000000,18416000000,98598000000,44643000000,20874000000,13066000000,14295000000,-5336000000,-8843000000,2899000000,0.6191
26/12/2018,1.59E+11,3.2498,12.5817,0.02434,0.079481,Q4-2018,13132532012,9576532012,0.261041,0.107063,0.309856,1.68,32.3643,4465000000,0.942,0.3869,0.469244,0.055369,1.563195,0.3186,0.395046,0.134433,0.077933,8.4,59434000000,18416000000,98598000000,44643000000,20874000000,13066000000,14295000000,-5336000000,-8843000000,2899000000,0.6191
24/12/2018,1.50E+11,3.0816,11.9302,0.025669,0.083821,Q4-2018,13132532012,9576532012,0.261041,0.107063,0.309856,1.68,32.3643,4465000000,0.942,0.3869,0.469244,0.055369,1.563195,0.3186,0.395046,0.134433,0.077933,8.4,59434000000,18416000000,98598000000,44643000000,20874000000,13066000000,14295000000,-5336000000,-8843000000,2899000000,0.6191
21/12/2018,1.56E+11,3.2004,12.3903,0.024716,0.080708,Q4-2018,13132532012,9576532012,0.261041,0.107063,0.309856,1.68,32.3643,4465000000,0.942,0.3869,0.469244,0.055369,1.563195,0.3186,0.395046,0.134433,0.077933,8.4,59434000000,18416000000,98598000000,44643000000,20874000000,13066000000,14295000000,-5336000000,-8843000000,2899000000,0.6191
20/12/2018,1.60E+11,3.2858,12.7208,0.024073,0.078611,Q4-2018,13132532012,9576532012,0.261041,0.107063,0.309856,1.68,32.3643,4465000000,0.942,0.3869,0.469244,0.055369,1.563195,0.3186,0.395046,0.134433,0.077933,8.4,59434000000,18416000000,98598000000,44643000000,20874000000,13066000000,14295000000,-5336000000,-8843000000,2899000000,0.7129
19/12/2018,1.64E+11,3.3539,12.9847,0.023584,0.077014,Q4-2018,13132532012,9576532012,0.261041,0.107063,0.309856,1.68,32.3643,4465000000,0.942,0.3869,0.469244,0.055369,1.563195,0.3186,0.395046,0.134433,0.077933,8.4,59434000000,18416000000,98598000000,44643000000,20874000000,13066000000,14295000000,-5336000000,-8843000000,2899000000,0.7129
18/12/2018,1.64E+11,3.361,13.0121,0.023535,0.076852,Q4-2018,13132532012,9576532012,0.261041,0.107063,0.309856,1.68,32.3643,4465000000,0.942,0.3869,0.469244,0.055369,1.563195,0.3186,0.395046,0.134433,0.077933,8.4,59434000000,18416000000,98598000000,44643000000,20874000000,13066000000,14295000000,-5336000000,-8843000000,2899000000,0.7129
17/12/2018,1.66E+11,3.3969,13.1512,0.023286,0.076039,Q4-2018,13132532012,9576532012,0.261041,0.107063,0.309856,1.68,32.3643,4465000000,0.942,0.3869,0.469244,0.055369,1.563195,0.3186,0.395046,0.134433,0.077933,8.4,59434000000,18416000000,98598000000,44643000000,20874000000,13066000000,14295000000,-5336000000,-8843000000,2899000000,0.7129
14/12/2018,1.68E+11,3.4454,13.339,0.022958,0.074968,Q4-2018,13132532012,9576532012,0.261041,0.107063,0.309856,1.68,32.3643,4465000000,0.942,0.3869,0.469244,0.055369,1.563195,0.3186,0.395046,0.134433,0.077933,8.4,59434000000,18416000000,98598000000,44643000000,20874000000,13066000000,14295000000,-5336000000,-8843000000,2899000000,0.7129
13/12/2018,1.70E+11,3.482,13.4805,0.022717,0.074181,Q4-2018,13132532012,9576532012,0.261041,0.107063,0.309856,1.68,32.3643,4465000000,0.942,0.3869,0.469244,0.055369,1.563195,0.3186,0.395046,0.134433,0.077933,8.4,59434000000,18416000000,98598000000,44643000000,20874000000,13066000000,14295000000,-5336000000,-8843000000,2899000000,0.7129
12/12/2018,1.68E+11,3.4458,13.3402,0.022956,0.074961,Q4-2018,13132532012,9576532012,0.261041,0.107063,0.309856,1.68,32.3643,4465000000,0.942,0.3869,0.469244,0.055369,1.563195,0.3186,0.395046,0.134433,0.077933,8.4,59434000000,18416000000,98598000000,44643000000,20874000000,13066000000,14295000000,-5336000000,-8843000000,2899000000,0.7129
11/12/2018,1.68E+11,3.4384,13.3117,0.023005,0.075122,Q4-2018,13132532012,9576532012,0.261041,0.107063,0.309856,1.68,32.3643,4465000000,0.942,0.3869,0.469244,0.055369,1.563195,0.3186,0.395046,0.134433,0.077933,8.4,59434000000,18416000000,98598000000,44643000000,20874000000,13066000000,14295000000,-5336000000,-8843000000,2899000000,0.7129
10/12/2018,1.68E+11,3.435,13.2986,0.023027,0.075196,Q4-2018,13132532012,9576532012,0.261041,0.107063,0.309856,1.68,32.3643,4465000000,0.942,0.3869,0.469244,0.055369,1.563195,0.3186,0.395046,0.134433,0.077933,8.4,59434000000,18416000000,98598000000,44643000000,20874000000,13066000000,14295000000,-5336000000,-8843000000,2899000000,0.7129
07/12/2018,1.68E+11,3.4387,13.3128,0.023003,0.075115,Q4-2018,13132532012,9576532012,0.261041,0.107063,0.309856,1.68,32.3643,4465000000,0.942,0.3869,0.469244,0.055369,1.563195,0.3186,0.395046,0.134433,0.077933,8.4,59434000000,18416000000,98598000000,44643000000,20874000000,13066000000,14295000000,-5336000000,-8843000000,2899000000,0.7129
06/12/2018,1.70E+11,3.4838,13.4876,0.0149,0.074142,Q4-2018,13132532012,9576532012,0.261041,0.107063,0.309856,1.68,32.3643,4465000000,0.942,0.3869,0.469244,0.055369,1.563195,0.3186,0.395046,0.134433,0.077933,8.4,59434000000,18416000000,98598000000,44643000000,20874000000,13066000000,14295000000,-5336000000,-8843000000,2899000000,0.7129
04/12/2018,1.68E+11,3.4393,13.3154,0.015093,0.075101,Q4-2018,13132532012,9576532012,0.261041,0.107063,0.309856,1.68,32.3643,4465000000,0.942,0.3869,0.469244,0.055369,1.563195,0.3186,0.395046,0.134433,0.077933,8.4,59434000000,18416000000,98598000000,44643000000,20874000000,13066000000,14295000000,-5336000000,-8843000000,2899000000,0.7129
03/12/2018,1.72E+11,3.5268,13.6539,0.014718,0.073239,Q4-2018,13132532012,9576532012,0.261041,0.107063,0.309856,1.68,32.3643,4465000000,0.942,0.3869,0.469244,0.055369,1.563195,0.3186,0.395046,0.134433,0.077933,8.4,59434000000,18416000000,98598000000,44643000000,20874000000,13066000000,14295000000,-5336000000,-8843000000,2899000000,0.7129
30/11/2018,1.72E+11,3.5192,13.6245,0.01475,0.073397,Q4-2018,13132532012,9576532012,0.261041,0.107063,0.309856,1.68,32.3643,4465000000,0.942,0.3869,0.469244,0.055369,1.563195,0.3186,0.395046,0.134433,0.077933,8.4,59434000000,18416000000,98598000000,44643000000,20874000000,13066000000,14295000000,-5336000000,-8843000000,2899000000,0.7129
29/11/2018,1.73E+11,3.5533,13.7566,0.014609,0.072692,Q4-2018,13132532012,9576532012,0.261041,0.107063,0.309856,1.68,32.3643,4465000000,0.942,0.3869,0.469244,0.055369,1.563195,0.3186,0.395046,0.134433,0.077933,8.4,59434000000,18416000000,98598000000,44643000000,20874000000,13066000000,14295000000,-5336000000,-8843000000,2899000000,0.7129
28/11/2018,1.73E+11,3.5378,13.6964,0.014673,0.073012,Q4-2018,13132532012,9576532012,0.261041,0.107063,0.309856,1.68,32.3643,4465000000,0.942,0.3869,0.469244,0.055369,1.563195,0.3186,0.395046,0.134433,0.077933,8.4,59434000000,18416000000,98598000000,44643000000,20874000000,13066000000,14295000000,-5336000000,-8843000000,2899000000,0.7129
27/11/2018,1.69E+11,3.4707,13.4369,0.014956,0.074422,Q4-2018,13132532012,9576532012,0.261041,0.107063,0.309856,1.68,32.3643,4465000000,0.942,0.3869,0.469244,0.055369,1.563195,0.3186,0.395046,0.134433,0.077933,8.4,59434000000,18416000000,98598000000,44643000000,20874000000,13066000000,14295000000,-5336000000,-8843000000,2899000000,0.7129
26/11/2018,1.67E+11,3.4296,13.2776,0.015136,0.075315,Q4-2018,13132532012,9576532012,0.261041,0.107063,0.309856,1.68,32.3643,4465000000,0.942,0.3869,0.469244,0.055369,1.563195,0.3186,0.395046,0.134433,0.077933,8.4,59434000000,18416000000,98598000000,44643000000,20874000000,13066000000,14295000000,-5336000000,-8843000000,2899000000,0.7129
23/11/2018,1.67E+11,3.4153,13.2222,0.015199,0.075631,Q4-2018,13132532012,9576532012,0.261041,0.107063,0.309856,1.68,32.3643,4465000000,0.942,0.3869,0.469244,0.055369,1.563195,0.3186,0.395046,0.134433,0.077933,8.4,59434000000,18416000000,98598000000,44643000000,20874000000,13066000000,14295000000,-5336000000,-8843000000,2899000000,0.7129
21/11/2018,1.68E+11,3.4442,13.3342,0.015071,0.074995,Q4-2018,13132532012,9576532012,0.261041,0.107063,0.309856,1.68,32.3643,4465000000,0.942,0.3869,0.469244,0.055369,1.563195,0.3186,0.395046,0.134433,0.077933,8.4,59434000000,18416000000,98598000000,44643000000,20874000000,13066000000,14295000000,-5336000000,-8843000000,2899000000,0.7129
20/11/2018,1.66E+11,3.4089,13.1974,0.015228,0.075773,Q4-2018,13132532012,9576532012,0.261041,0.107063,0.309856,1.68,32.3643,4465000000,0.942,0.3869,0.469244,0.055369,1.563195,0.3186,0.395046,0.134433,0.077933,8.4,59434000000,18416000000,98598000000,44643000000,20874000000,13066000000,14295000000,-5336000000,-8843000000,2899000000,0.7129
19/11/2018,1.72E+11,3.517,13.6162,0.014759,0.073442,Q4-2018,13132532012,9576532012,0.261041,0.107063,0.309856,1.68,32.3643,4465000000,0.942,0.3869,0.469244,0.055369,1.563195,0.3186,0.395046,0.134433,0.077933,8.4,59434000000,18416000000,98598000000,44643000000,20874000000,13066000000,14295000000,-5336000000,-8843000000,2899000000,0.6868
16/11/2018,1.73E+11,3.5405,13.707,0.014661,0.072955,Q4-2018,13132532012,9576532012,0.261041,0.107063,0.309856,1.68,32.3643,4465000000,0.942,0.3869,0.469244,0.055369,1.563195,0.3186,0.395046,0.134433,0.077933,8.4,59434000000,18416000000,98598000000,44643000000,20874000000,13066000000,14295000000,-5336000000,-8843000000,2899000000,0.6868
15/11/2018,1.74E+11,3.5685,13.8156,0.014546,0.072382,Q4-2018,13132532012,9576532012,0.261041,0.107063,0.309856,1.68,32.3643,4465000000,0.942,0.3869,0.469244,0.055369,1.563195,0.3186,0.395046,0.134433,0.077933,8.4,59434000000,18416000000,98598000000,44643000000,20874000000,13066000000,14295000000,-5336000000,-8843000000,2899000000,0.6868
14/11/2018,1.74E+11,3.5688,13.8167,0.014545,0.072376,Q4-2018,13132532012,9576532012,0.261041,0.107063,0.309856,1.68,32.3643,4465000000,0.942,0.3869,0.469244,0.055369,1.563195,0.3186,0.395046,0.134433,0.077933,8.4,59434000000,18416000000,98598000000,44643000000,20874000000,13066000000,14295000000,-5336000000,-8843000000,2899000000,0.6868
13/11/2018,1.74E+11,3.5606,13.7849,0.014579,0.072543,Q4-2018,13132532012,9576532012,0.261041,0.107063,0.309856,1.68,32.3643,4465000000,0.942,0.3869,0.469244,0.055369,1.563195,0.3186,0.395046,0.134433,0.077933,8.4,59434000000,18416000000,98598000000,44643000000,20874000000,13066000000,14295000000,-5336000000,-8843000000,2899000000,0.6868
12/11/2018,1.73E+11,3.556,13.7672,0.014597,0.072636,Q4-2018,13132532012,9576532012,0.261041,0.107063,0.309856,1.68,32.3643,4465000000,0.942,0.3869,0.469244,0.055369,1.563195,0.3186,0.395046,0.134433,0.077933,8.4,59434000000,18416000000,98598000000,44643000000,20874000000,13066000000,14295000000,-5336000000,-8843000000,2899000000,0.6868
09/11/2018,1.75E+11,3.5957,13.9206,0.014437,0.071836,Q4-2018,13132532012,9576532012,0.261041,0.107063,0.309856,1.68,32.3643,4465000000,0.942,0.3869,0.469244,0.055369,1.563195,0.3186,0.395046,0.134433,0.077933,8.4,59434000000,18416000000,98598000000,44643000000,20874000000,13066000000,14295000000,-5336000000,-8843000000,2899000000,0.6868
08/11/2018,1.72E+11,3.5347,13.6846,0.014685,0.073075,Q4-2018,13132532012,9576532012,0.261041,0.107063,0.309856,1.68,32.3643,4465000000,0.942,0.3869,0.469244,0.055369,1.563195,0.3186,0.395046,0.134433,0.077933,8.4,59434000000,18416000000,98598000000,44643000000,20874000000,13066000000,14295000000,-5336000000,-8843000000,2899000000,0.6868
07/11/2018,1.74E+11,3.5667,13.8085,0.014554,0.072419,Q4-2018,13132532012,9576532012,0.261041,0.107063,0.309856,1.68,32.3643,4465000000,0.942,0.3869,0.469244,0.055369,1.563195,0.3186,0.395046,0.134433,0.077933,8.4,59434000000,18416000000,98598000000,44643000000,20874000000,13066000000,14295000000,-5336000000,-8843000000,2899000000,0.6868
06/11/2018,1.73E+11,3.5564,13.7684,0.014596,0.07263,Q4-2018,13132532012,9576532012,0.261041,0.107063,0.309856,1.68,32.3643,4465000000,0.942,0.3869,0.469244,0.055369,1.563195,0.3186,0.395046,0.134433,0.077933,8.4,59434000000,18416000000,98598000000,44643000000,20874000000,13066000000,14295000000,-5336000000,-8843000000,2899000000,0.6868
05/11/2018,1.72E+11,3.518,13.6197,0.014755,0.073423,Q4-2018,13132532012,9576532012,0.261041,0.107063,0.309856,1.68,32.3643,4465000000,0.942,0.3869,0.469244,0.055369,1.563195,0.3186,0.395046,0.134433,0.077933,8.4,59434000000,18416000000,98598000000,44643000000,20874000000,13066000000,14295000000,-5336000000,-8843000000,2899000000,0.6868
02/11/2018,1.71E+11,3.5097,13.5879,0.01479,0.073595,Q4-2018,13132532012,9576532012,0.261041,0.107063,0.309856,1.68,32.3643,4465000000,0.942,0.3869,0.469244,0.055369,1.563195,0.3186,0.395046,0.134433,0.077933,8.4,59434000000,18416000000,98598000000,44643000000,20874000000,13066000000,14295000000,-5336000000,-8843000000,2899000000,0.6868
01/11/2018,1.73E+11,3.5378,13.6964,0.014673,0.073012,Q4-2018,13132532012,9576532012,0.261041,0.107063,0.309856,1.68,32.3643,4465000000,0.942,0.3869,0.469244,0.055369,1.563195,0.3186,0.395046,0.134433,0.077933,8.4,59434000000,18416000000,98598000000,44643000000,20874000000,13066000000,14295000000,-5336000000,-8843000000,2899000000,0.6868
31/10/2018,1.71E+11,3.4991,13.5466,0.014835,0.073819,Q4-2018,13132532012,9576532012,0.261041,0.107063,0.309856,1.68,32.3643,4465000000,0.942,0.3869,0.469244,0.055369,1.563195,0.3186,0.395046,0.134433,0.077933,8.4,59434000000,18416000000,98598000000,44643000000,20874000000,13066000000,14295000000,-5336000000,-8843000000,2899000000,0.6868
30/10/2018,1.71E+11,3.4969,13.5383,0.014844,0.073864,Q4-2018,13132532012,9576532012,0.261041,0.107063,0.309856,1.68,32.3643,4465000000,0.942,0.3869,0.469244,0.055369,1.563195,0.3186,0.395046,0.134433,0.077933,8.4,59434000000,18416000000,98598000000,44643000000,20874000000,13066000000,14295000000,-5336000000,-8843000000,2899000000,0.6868
29/10/2018,1.68E+11,3.4445,13.3354,0.01507,0.074988,Q4-2018,13132532012,9576532012,0.261041,0.107063,0.309856,1.68,32.3643,4465000000,0.942,0.3869,0.469244,0.055369,1.563195,0.3186,0.395046,0.134433,0.077933,8.4,59434000000,18416000000,98598000000,44643000000,20874000000,13066000000,14295000000,-5336000000,-8843000000,2899000000,0.6868
26/10/2018,1.68E+11,3.4491,13.3531,0.01505,0.074889,Q4-2018,13132532012,9576532012,0.261041,0.107063,0.309856,1.68,32.3643,4465000000,0.942,0.3869,0.469244,0.055369,1.563195,0.3186,0.395046,0.134433,0.077933,8.4,59434000000,18416000000,98598000000,44643000000,20874000000,13066000000,14295000000,-5336000000,-8843000000,2899000000,0.6868
25/10/2018,1.70E+11,3.4787,13.4676,0.014922,0.074253,Q4-2018,13132532012,9576532012,0.261041,0.107063,0.309856,1.68,32.3643,4465000000,0.942,0.3869,0.469244,0.055369,1.563195,0.3186,0.395046,0.134433,0.077933,8.4,59434000000,18416000000,98598000000,44643000000,20874000000,13066000000,14295000000,-5336000000,-8843000000,2899000000,0.6868
24/10/2018,1.66E+11,3.4009,13.1667,0.015263,0.075949,Q4-2018,13132532012,9576532012,0.261041,0.107063,0.309856,1.68,32.3643,4465000000,0.942,0.3869,0.469244,0.055369,1.563195,0.3186,0.395046,0.134433,0.077933,8.4,59434000000,18416000000,98598000000,44643000000,20874000000,13066000000,14295000000,-5336000000,-8843000000,2899000000,0.6868
23/10/2018,1.75E+11,3.5911,13.9029,0.014455,0.071928,Q4-2018,13132532012,9576532012,0.261041,0.107063,0.309856,1.68,32.3643,4465000000,0.942,0.3869,0.469244,0.055369,1.563195,0.3186,0.395046,0.134433,0.077933,8.4,59434000000,18416000000,98598000000,44643000000,20874000000,13066000000,14295000000,-5336000000,-8843000000,2899000000,0.6868
22/10/2018,1.76E+11,3.6039,13.9524,0.014404,0.071672,Q4-2018,13132532012,9576532012,0.261041,0.107063,0.309856,1.68,32.3643,4465000000,0.942,0.3869,0.469244,0.055369,1.563195,0.3186,0.395046,0.134433,0.077933,8.4,59434000000,18416000000,98598000000,44643000000,20874000000,13066000000,14295000000,-5336000000,-8843000000,2899000000,0.6868
19/10/2018,1.77E+11,3.6231,14.0267,0.014327,0.071292,Q4-2018,13132532012,9576532012,0.261041,0.107063,0.309856,1.68,32.3643,4465000000,0.942,0.3869,0.469244,0.055369,1.563195,0.3186,0.395046,0.134433,0.077933,8.4,59434000000,18416000000,98598000000,44643000000,20874000000,13066000000,14295000000,-5336000000,-8843000000,2899000000,0.6868
18/10/2018,1.73E+11,3.5402,13.7059,0.014663,0.072962,Q4-2018,13132532012,9576532012,0.261041,0.107063,0.309856,1.68,32.3643,4465000000,0.942,0.3869,0.469244,0.055369,1.563195,0.3186,0.395046,0.134433,0.077933,8.4,59434000000,18416000000,98598000000,44643000000,20874000000,13066000000,14295000000,-5336000000,-8843000000,2899000000,0.8316
17/10/2018,1.74E+11,3.5692,13.8179,0.014544,0.07237,Q4-2018,13132532012,9576532012,0.261041,0.107063,0.309856,1.68,32.3643,4465000000,0.942,0.3869,0.469244,0.055369,1.563195,0.3186,0.395046,0.134433,0.077933,8.4,59434000000,18416000000,98598000000,44643000000,20874000000,13066000000,14295000000,-5336000000,-8843000000,2899000000,0.8316
16/10/2018,1.73E+11,3.5405,13.707,0.014661,0.072955,Q4-2018,13132532012,9576532012,0.261041,0.107063,0.309856,1.68,32.3643,4465000000,0.942,0.3869,0.469244,0.055369,1.563195,0.3186,0.395046,0.134433,0.077933,8.4,59434000000,18416000000,98598000000,44643000000,20874000000,13066000000,14295000000,-5336000000,-8843000000,2899000000,0.8316
15/10/2018,1.69E+11,3.4567,13.3826,0.015017,0.074724,Q4-2018,13132532012,9576532012,0.261041,0.107063,0.309856,1.68,32.3643,4465000000,0.942,0.3869,0.469244,0.055369,1.563195,0.3186,0.395046,0.134433,0.077933,8.4,59434000000,18416000000,98598000000,44643000000,20874000000,13066000000,14295000000,-5336000000,-8843000000,2899000000,0.8316
12/10/2018,1.67E+11,3.4314,13.2847,0.015128,0.075275,Q4-2018,13132532012,9576532012,0.261041,0.107063,0.309856,1.68,32.3643,4465000000,0.942,0.3869,0.469244,0.055369,1.563195,0.3186,0.395046,0.134433,0.077933,8.4,59434000000,18416000000,98598000000,44643000000,20874000000,13066000000,14295000000,-5336000000,-8843000000,2899000000,0.8316
11/10/2018,1.65E+11,3.3869,13.1125,0.015326,0.076263,Q4-2018,13132532012,9576532012,0.261041,0.107063,0.309856,1.68,32.3643,4465000000,0.942,0.3869,0.469244,0.055369,1.563195,0.3186,0.395046,0.134433,0.077933,8.4,59434000000,18416000000,98598000000,44643000000,20874000000,13066000000,14295000000,-5336000000,-8843000000,2899000000,0.8316
10/10/2018,1.68E+11,3.439,13.3142,0.015094,0.075108,Q4-2018,13132532012,9576532012,0.261041,0.107063,0.309856,1.68,32.3643,4465000000,0.942,0.3869,0.469244,0.055369,1.563195,0.3186,0.395046,0.134433,0.077933,8.4,59434000000,18416000000,98598000000,44643000000,20874000000,13066000000,14295000000,-5336000000,-8843000000,2899000000,0.8316
09/10/2018,1.74E+11,3.5618,13.7896,0.014574,0.072518,Q4-2018,13132532012,9576532012,0.261041,0.107063,0.309856,1.68,32.3643,4465000000,0.942,0.3869,0.469244,0.055369,1.563195,0.3186,0.395046,0.134433,0.077933,8.4,59434000000,18416000000,98598000000,44643000000,20874000000,13066000000,14295000000,-5336000000,-8843000000,2899000000,0.8316
08/10/2018,1.72E+11,3.5353,13.687,0.014683,0.073062,Q4-2018,13132532012,9576532012,0.261041,0.107063,0.309856,1.68,32.3643,4465000000,0.942,0.3869,0.469244,0.055369,1.563195,0.3186,0.395046,0.134433,0.077933,8.4,59434000000,18416000000,98598000000,44643000000,20874000000,13066000000,14295000000,-5336000000,-8843000000,2899000000,0.8316
05/10/2018,1.71E+11,3.4975,13.5407,0.014842,0.073851,Q4-2018,13132532012,9576532012,0.261041,0.107063,0.309856,1.68,32.3643,4465000000,0.942,0.3869,0.469244,0.055369,1.563195,0.3186,0.395046,0.134433,0.077933,8.4,59434000000,18416000000,98598000000,44643000000,20874000000,13066000000,14295000000,-5336000000,-8843000000,2899000000,0.8316
04/10/2018,1.73E+11,3.5387,13.7,0.014669,0.072993,Q4-2018,13132532012,9576532012,0.261041,0.107063,0.309856,1.68,32.3643,4465000000,0.942,0.3869,0.469244,0.055369,1.563195,0.3186,0.395046,0.134433,0.077933,8.4,59434000000,18416000000,98598000000,44643000000,20874000000,13066000000,14295000000,-5336000000,-8843000000,2899000000,0.8316
03/10/2018,1.74E+11,3.5624,13.792,0.014571,0.072506,Q4-2018,13132532012,9576532012,0.261041,0.107063,0.309856,1.68,32.3643,4465000000,0.942,0.3869,0.469244,0.055369,1.563195,0.3186,0.395046,0.134433,0.077933,8.4,59434000000,18416000000,98598000000,44643000000,20874000000,13066000000,14295000000,-5336000000,-8843000000,2899000000,0.8316
02/10/2018,1.75E+11,3.5853,13.8805,0.014478,0.072044,Q4-2018,13132532012,9576532012,0.261041,0.107063,0.309856,1.68,32.3643,4465000000,0.942,0.3869,0.469244,0.055369,1.563195,0.3186,0.395046,0.134433,0.077933,8.4,59434000000,18416000000,98598000000,44643000000,20874000000,13066000000,14295000000,-5336000000,-8843000000,2899000000,0.8316
01/10/2018,1.73E+11,3.542,13.7129,0.014655,0.072924,Q4-2018,13132532012,9576532012,0.261041,0.107063,0.309856,1.68,32.3643,4465000000,0.942,0.3869,0.469244,0.055369,1.563195,0.3186,0.395046,0.134433,0.077933,8.4,59434000000,18416000000,98598000000,44643000000,20874000000,13066000000,14295000000,-5336000000,-8843000000,2899000000,0.8316
28/09/2018,1.73E+11,3.7484,14.369,0.014567,0.069594,Q3-2018,12543673722,4904673722,0.257292,0.052281,0.302749,1.68,30.7664,4159000000,0.8771,0.4623,0.400353,0.127826,-0.501078,0.3074,0.332056,0.130644,0.043351,7.99,57906000000,17531000000,98792000000,47584000000,23673000000,12512000000,14012000000,-5964000000,-8148000000,3155000000,0.8316
27/09/2018,1.71E+11,3.7196,14.2584,0.01468,0.070134,Q3-2018,12543673722,4904673722,0.257292,0.052281,0.302749,1.68,30.7664,4159000000,0.8771,0.4623,0.400353,0.127826,-0.501078,0.3074,0.332056,0.130644,0.043351,7.99,57906000000,17531000000,98792000000,47584000000,23673000000,12512000000,14012000000,-5964000000,-8148000000,3155000000,0.8316
26/09/2018,1.70E+11,3.693,14.1564,0.014786,0.07064,Q3-2018,12543673722,4904673722,0.257292,0.052281,0.302749,1.68,30.7664,4159000000,0.8771,0.4623,0.400353,0.127826,-0.501078,0.3074,0.332056,0.130644,0.043351,7.99,57906000000,17531000000,98792000000,47584000000,23673000000,12512000000,14012000000,-5964000000,-8148000000,3155000000,0.8316
25/09/2018,1.68E+11,3.6423,13.9622,0.014992,0.071622,Q3-2018,12543673722,4904673722,0.257292,0.052281,0.302749,1.68,30.7664,4159000000,0.8771,0.4623,0.400353,0.127826,-0.501078,0.3074,0.332056,0.130644,0.043351,7.99,57906000000,17531000000,98792000000,47584000000,23673000000,12512000000,14012000000,-5964000000,-8148000000,3155000000,0.8316
24/09/2018,1.67E+11,3.6148,13.8566,0.015106,0.072168,Q3-2018,12543673722,4904673722,0.257292,0.052281,0.302749,1.68,30.7664,4159000000,0.8771,0.4623,0.400353,0.127826,-0.501078,0.3074,0.332056,0.130644,0.043351,7.99,57906000000,17531000000,98792000000,47584000000,23673000000,12512000000,14012000000,-5964000000,-8148000000,3155000000,0.8316
21/09/2018,1.63E+11,3.5388,13.5654,0.01543,0.073717,Q3-2018,12543673722,4904673722,0.257292,0.052281,0.302749,1.68,30.7664,4159000000,0.8771,0.4623,0.400353,0.127826,-0.501078,0.3074,0.332056,0.130644,0.043351,7.99,57906000000,17531000000,98792000000,47584000000,23673000000,12512000000,14012000000,-5964000000,-8148000000,3155000000,0.8316
20/09/2018,1.65E+11,3.5779,13.7153,0.015262,0.072911,Q3-2018,12543673722,4904673722,0.257292,0.052281,0.302749,1.68,30.7664,4159000000,0.8771,0.4623,0.400353,0.127826,-0.501078,0.3074,0.332056,0.130644,0.043351,7.99,57906000000,17531000000,98792000000,47584000000,23673000000,12512000000,14012000000,-5964000000,-8148000000,3155000000,0.8316
19/09/2018,1.62E+11,3.5192,13.4904,0.015516,0.074127,Q3-2018,12543673722,4904673722,0.257292,0.052281,0.302749,1.68,30.7664,4159000000,0.8771,0.4623,0.400353,0.127826,-0.501078,0.3074,0.332056,0.130644,0.043351,7.99,57906000000,17531000000,98792000000,47584000000,23673000000,12512000000,14012000000,-5964000000,-8148000000,3155000000,0.8316
18/09/2018,1.62E+11,3.5109,13.4585,0.015553,0.074303,Q3-2018,12543673722,4904673722,0.257292,0.052281,0.302749,1.68,30.7664,4159000000,0.8771,0.4623,0.400353,0.127826,-0.501078,0.3074,0.332056,0.130644,0.043351,7.99,57906000000,17531000000,98792000000,47584000000,23673000000,12512000000,14012000000,-5964000000,-8148000000,3155000000,1.018
17/09/2018,1.62E+11,3.5055,13.4376,0.015577,0.074418,Q3-2018,12543673722,4904673722,0.257292,0.052281,0.302749,1.68,30.7664,4159000000,0.8771,0.4623,0.400353,0.127826,-0.501078,0.3074,0.332056,0.130644,0.043351,7.99,57906000000,17531000000,98792000000,47584000000,23673000000,12512000000,14012000000,-5964000000,-8148000000,3155000000,1.018
14/09/2018,1.61E+11,3.5023,13.4253,0.015591,0.074486,Q3-2018,12543673722,4904673722,0.257292,0.052281,0.302749,1.68,30.7664,4159000000,0.8771,0.4623,0.400353,0.127826,-0.501078,0.3074,0.332056,0.130644,0.043351,7.99,57906000000,17531000000,98792000000,47584000000,23673000000,12512000000,14012000000,-5964000000,-8148000000,3155000000,1.018
13/09/2018,1.63E+11,3.5475,13.5985,0.015393,0.073537,Q3-2018,12543673722,4904673722,0.257292,0.052281,0.302749,1.68,30.7664,4159000000,0.8771,0.4623,0.400353,0.127826,-0.501078,0.3074,0.332056,0.130644,0.043351,7.99,57906000000,17531000000,98792000000,47584000000,23673000000,12512000000,14012000000,-5964000000,-8148000000,3155000000,1.018
12/09/2018,1.62E+11,3.5087,13.4499,0.015563,0.07435,Q3-2018,12543673722,4904673722,0.257292,0.052281,0.302749,1.68,30.7664,4159000000,0.8771,0.4623,0.400353,0.127826,-0.501078,0.3074,0.332056,0.130644,0.043351,7.99,57906000000,17531000000,98792000000,47584000000,23673000000,12512000000,14012000000,-5964000000,-8148000000,3155000000,1.018
11/09/2018,1.62E+11,3.5132,13.4671,0.015543,0.074255,Q3-2018,12543673722,4904673722,0.257292,0.052281,0.302749,1.68,30.7664,4159000000,0.8771,0.4623,0.400353,0.127826,-0.501078,0.3074,0.332056,0.130644,0.043351,7.99,57906000000,17531000000,98792000000,47584000000,23673000000,12512000000,14012000000,-5964000000,-8148000000,3155000000,1.018
10/09/2018,1.64E+11,3.5478,13.5998,0.015391,0.073531,Q3-2018,12543673722,4904673722,0.257292,0.052281,0.302749,1.68,30.7664,4159000000,0.8771,0.4623,0.400353,0.127826,-0.501078,0.3074,0.332056,0.130644,0.043351,7.99,57906000000,17531000000,98792000000,47584000000,23673000000,12512000000,14012000000,-5964000000,-8148000000,3155000000,1.018
07/09/2018,1.64E+11,3.5571,13.6354,0.015351,0.073339,Q3-2018,12543673722,4904673722,0.257292,0.052281,0.302749,1.68,30.7664,4159000000,0.8771,0.4623,0.400353,0.127826,-0.501078,0.3074,0.332056,0.130644,0.043351,7.99,57906000000,17531000000,98792000000,47584000000,23673000000,12512000000,14012000000,-5964000000,-8148000000,3155000000,1.018
06/09/2018,1.63E+11,3.5343,13.5482,0.01545,0.073811,Q3-2018,12543673722,4904673722,0.257292,0.052281,0.302749,1.68,30.7664,4159000000,0.8771,0.4623,0.400353,0.127826,-0.501078,0.3074,0.332056,0.130644,0.043351,7.99,57906000000,17531000000,98792000000,47584000000,23673000000,12512000000,14012000000,-5964000000,-8148000000,3155000000,1.018
05/09/2018,1.62E+11,3.5218,13.5002,0.015505,0.074073,Q3-2018,12543673722,4904673722,0.257292,0.052281,0.302749,1.68,30.7664,4159000000,0.8771,0.4623,0.400353,0.127826,-0.501078,0.3074,0.332056,0.130644,0.043351,7.99,57906000000,17531000000,98792000000,47584000000,23673000000,12512000000,14012000000,-5964000000,-8148000000,3155000000,1.018
04/09/2018,1.64E+11,3.5532,13.6206,0.015368,0.073418,Q3-2018,12543673722,4904673722,0.257292,0.052281,0.302749,1.68,30.7664,4159000000,0.8771,0.4623,0.400353,0.127826,-0.501078,0.3074,0.332056,0.130644,0.043351,7.99,57906000000,17531000000,98792000000,47584000000,23673000000,12512000000,14012000000,-5964000000,-8148000000,3155000000,1.018
31/08/2018,1.65E+11,3.5907,13.7644,0.015207,0.072651,Q3-2018,12543673722,4904673722,0.257292,0.052281,0.302749,1.68,30.7664,4159000000,0.8771,0.4623,0.400353,0.127826,-0.501078,0.3074,0.332056,0.130644,0.043351,7.99,57906000000,17531000000,98792000000,47584000000,23673000000,12512000000,14012000000,-5964000000,-8148000000,3155000000,1.018
30/08/2018,1.65E+11,3.5875,13.7521,0.015221,0.072716,Q3-2018,12543673722,4904673722,0.257292,0.052281,0.302749,1.68,30.7664,4159000000,0.8771,0.4623,0.400353,0.127826,-0.501078,0.3074,0.332056,0.130644,0.043351,7.99,57906000000,17531000000,98792000000,47584000000,23673000000,12512000000,14012000000,-5964000000,-8148000000,3155000000,1.018
29/08/2018,1.66E+11,3.6045,13.8172,0.015149,0.072373,Q3-2018,12543673722,4904673722,0.257292,0.052281,0.302749,1.68,30.7664,4159000000,0.8771,0.4623,0.400353,0.127826,-0.501078,0.3074,0.332056,0.130644,0.043351,7.99,57906000000,17531000000,98792000000,47584000000,23673000000,12512000000,14012000000,-5964000000,-8148000000,3155000000,1.018
28/08/2018,1.66E+11,3.6087,13.8332,0.015132,0.07229,Q3-2018,12543673722,4904673722,0.257292,0.052281,0.302749,1.68,30.7664,4159000000,0.8771,0.4623,0.400353,0.127826,-0.501078,0.3074,0.332056,0.130644,0.043351,7.99,57906000000,17531000000,98792000000,47584000000,23673000000,12512000000,14012000000,-5964000000,-8148000000,3155000000,1.018
27/08/2018,1.66E+11,3.6007,13.8025,0.015165,0.072451,Q3-2018,12543673722,4904673722,0.257292,0.052281,0.302749,1.68,30.7664,4159000000,0.8771,0.4623,0.400353,0.127826,-0.501078,0.3074,0.332056,0.130644,0.043351,7.99,57906000000,17531000000,98792000000,47584000000,23673000000,12512000000,14012000000,-5964000000,-8148000000,3155000000,1.018
24/08/2018,1.65E+11,3.5878,13.7534,0.015219,0.07271,Q3-2018,12543673722,4904673722,0.257292,0.052281,0.302749,1.68,30.7664,4159000000,0.8771,0.4623,0.400353,0.127826,-0.501078,0.3074,0.332056,0.130644,0.043351,7.99,57906000000,17531000000,98792000000,47584000000,23673000000,12512000000,14012000000,-5964000000,-8148000000,3155000000,1.018
23/08/2018,1.65E+11,3.5901,13.762,0.01521,0.072664,Q3-2018,12543673722,4904673722,0.257292,0.052281,0.302749,1.68,30.7664,4159000000,0.8771,0.4623,0.400353,0.127826,-0.501078,0.3074,0.332056,0.130644,0.043351,7.99,57906000000,17531000000,98792000000,47584000000,23673000000,12512000000,14012000000,-5964000000,-8148000000,3155000000,1.018
22/08/2018,1.65E+11,3.5882,13.7546,0.015218,0.072703,Q3-2018,12543673722,4904673722,0.257292,0.052281,0.302749,1.68,30.7664,4159000000,0.8771,0.4623,0.400353,0.127826,-0.501078,0.3074,0.332056,0.130644,0.043351,7.99,57906000000,17531000000,98792000000,47584000000,23673000000,12512000000,14012000000,-5964000000,-8148000000,3155000000,1.018
21/08/2018,1.66E+11,3.6026,13.8099,0.015157,0.072412,Q3-2018,12543673722,4904673722,0.257292,0.052281,0.302749,1.68,30.7664,4159000000,0.8771,0.4623,0.400353,0.127826,-0.501078,0.3074,0.332056,0.130644,0.043351,7.99,57906000000,17531000000,98792000000,47584000000,23673000000,12512000000,14012000000,-5964000000,-8148000000,3155000000,1.018
20/08/2018,1.65E+11,3.5898,13.7607,0.015211,0.072671,Q3-2018,12543673722,4904673722,0.257292,0.052281,0.302749,1.68,30.7664,4159000000,0.8771,0.4623,0.400353,0.127826,-0.501078,0.3074,0.332056,0.130644,0.043351,7.99,57906000000,17531000000,98792000000,47584000000,23673000000,12512000000,14012000000,-5964000000,-8148000000,3155000000,1.018
17/08/2018,1.66E+11,3.6055,13.8209,0.015145,0.072354,Q3-2018,12543673722,4904673722,0.257292,0.052281,0.302749,1.68,30.7664,4159000000,0.8771,0.4623,0.400353,0.127826,-0.501078,0.3074,0.332056,0.130644,0.043351,7.99,57906000000,17531000000,98792000000,47584000000,23673000000,12512000000,14012000000,-5964000000,-8148000000,3155000000,1.143
16/08/2018,1.66E+11,3.6055,13.8209,0.015145,0.072354,Q3-2018,12543673722,4904673722,0.257292,0.052281,0.302749,1.68,30.7664,4159000000,0.8771,0.4623,0.400353,0.127826,-0.501078,0.3074,0.332056,0.130644,0.043351,7.99,57906000000,17531000000,98792000000,47584000000,23673000000,12512000000,14012000000,-5964000000,-8148000000,3155000000,1.143
15/08/2018,1.67E+11,3.6173,13.8664,0.015095,0.072117,Q3-2018,12543673722,4904673722,0.257292,0.052281,0.302749,1.68,30.7664,4159000000,0.8771,0.4623,0.400353,0.127826,-0.501078,0.3074,0.332056,0.130644,0.043351,7.99,57906000000,17531000000,98792000000,47584000000,23673000000,12512000000,14012000000,-5964000000,-8148000000,3155000000,1.143
14/08/2018,1.67E+11,3.6141,13.8541,0.015109,0.072181,Q3-2018,12543673722,4904673722,0.257292,0.052281,0.302749,1.68,30.7664,4159000000,0.8771,0.4623,0.400353,0.127826,-0.501078,0.3074,0.332056,0.130644,0.043351,7.99,57906000000,17531000000,98792000000,47584000000,23673000000,12512000000,14012000000,-5964000000,-8148000000,3155000000,1.143
13/08/2018,1.66E+11,3.5939,13.7767,0.015194,0.072586,Q3-2018,12543673722,4904673722,0.257292,0.052281,0.302749,1.68,30.7664,4159000000,0.8771,0.4623,0.400353,0.127826,-0.501078,0.3074,0.332056,0.130644,0.043351,7.99,57906000000,17531000000,98792000000,47584000000,23673000000,12512000000,14012000000,-5964000000,-8148000000,3155000000,1.143
10/08/2018,1.66E+11,3.6119,13.8455,0.015118,0.072226,Q3-2018,12543673722,4904673722,0.257292,0.052281,0.302749,1.68,30.7664,4159000000,0.8771,0.4623,0.400353,0.127826,-0.501078,0.3074,0.332056,0.130644,0.043351,7.99,57906000000,17531000000,98792000000,47584000000,23673000000,12512000000,14012000000,-5964000000,-8148000000,3155000000,1.143
09/08/2018,1.69E+11,3.6593,14.0274,0.014922,0.071289,Q3-2018,12543673722,4904673722,0.257292,0.052281,0.302749,1.68,30.7664,4159000000,0.8771,0.4623,0.400353,0.127826,-0.501078,0.3074,0.332056,0.130644,0.043351,7.99,57906000000,17531000000,98792000000,47584000000,23673000000,12512000000,14012000000,-5964000000,-8148000000,3155000000,1.143
08/08/2018,1.68E+11,3.6536,14.0052,0.014946,0.071402,Q3-2018,12543673722,4904673722,0.257292,0.052281,0.302749,1.68,30.7664,4159000000,0.8771,0.4623,0.400353,0.127826,-0.501078,0.3074,0.332056,0.130644,0.043351,7.99,57906000000,17531000000,98792000000,47584000000,23673000000,12512000000,14012000000,-5964000000,-8148000000,3155000000,1.143
07/08/2018,1.72E+11,3.7363,14.3223,0.014615,0.069821,Q3-2018,12543673722,4904673722,0.257292,0.052281,0.302749,1.68,30.7664,4159000000,0.8771,0.4623,0.400353,0.127826,-0.501078,0.3074,0.332056,0.130644,0.043351,7.99,57906000000,17531000000,98792000000,47584000000,23673000000,12512000000,14012000000,-5964000000,-8148000000,3155000000,1.143
06/08/2018,1.71E+11,3.7164,14.2461,0.014693,0.070195,Q3-2018,12543673722,4904673722,0.257292,0.052281,0.302749,1.68,30.7664,4159000000,0.8771,0.4623,0.400353,0.127826,-0.501078,0.3074,0.332056,0.130644,0.043351,7.99,57906000000,17531000000,98792000000,47584000000,23673000000,12512000000,14012000000,-5964000000,-8148000000,3155000000,1.143
03/08/2018,1.69E+11,3.6571,14.0188,0.014931,0.071333,Q3-2018,12543673722,4904673722,0.257292,0.052281,0.302749,1.68,30.7664,4159000000,0.8771,0.4623,0.400353,0.127826,-0.501078,0.3074,0.332056,0.130644,0.043351,7.99,57906000000,17531000000,98792000000,47584000000,23673000000,12512000000,14012000000,-5964000000,-8148000000,3155000000,1.143
02/08/2018,1.67E+11,3.6141,13.8541,0.015109,0.072181,Q3-2018,12543673722,4904673722,0.257292,0.052281,0.302749,1.68,30.7664,4159000000,0.8771,0.4623,0.400353,0.127826,-0.501078,0.3074,0.332056,0.130644,0.043351,7.99,57906000000,17531000000,98792000000,47584000000,23673000000,12512000000,14012000000,-5964000000,-8148000000,3155000000,1.143
01/08/2018,1.67E+11,3.6212,13.8811,0.015079,0.07204,Q3-2018,12543673722,4904673722,0.257292,0.052281,0.302749,1.68,30.7664,4159000000,0.8771,0.4623,0.400353,0.127826,-0.501078,0.3074,0.332056,0.130644,0.043351,7.99,57906000000,17531000000,98792000000,47584000000,23673000000,12512000000,14012000000,-5964000000,-8148000000,3155000000,1.143
31/07/2018,1.68E+11,3.6401,13.9536,0.015001,0.071666,Q3-2018,12543673722,4904673722,0.257292,0.052281,0.302749,1.68,30.7664,4159000000,0.8771,0.4623,0.400353,0.127826,-0.501078,0.3074,0.332056,0.130644,0.043351,7.99,57906000000,17531000000,98792000000,47584000000,23673000000,12512000000,14012000000,-5964000000,-8148000000,3155000000,1.143
30/07/2018,1.66E+11,3.6103,13.8394,0.015125,0.072258,Q3-2018,12543673722,4904673722,0.257292,0.052281,0.302749,1.68,30.7664,4159000000,0.8771,0.4623,0.400353,0.127826,-0.501078,0.3074,0.332056,0.130644,0.043351,7.99,57906000000,17531000000,98792000000,47584000000,23673000000,12512000000,14012000000,-5964000000,-8148000000,3155000000,1.143
27/07/2018,1.66E+11,3.61,13.8381,0.015126,0.072264,Q3-2018,12543673722,4904673722,0.257292,0.052281,0.302749,1.68,30.7664,4159000000,0.8771,0.4623,0.400353,0.127826,-0.501078,0.3074,0.332056,0.130644,0.043351,7.99,57906000000,17531000000,98792000000,47584000000,23673000000,12512000000,14012000000,-5964000000,-8148000000,3155000000,1.143
26/07/2018,1.68E+11,3.6385,13.9475,0.015008,0.071697,Q3-2018,12543673722,4904673722,0.257292,0.052281,0.302749,1.68,30.7664,4159000000,0.8771,0.4623,0.400353,0.127826,-0.501078,0.3074,0.332056,0.130644,0.043351,7.99,57906000000,17531000000,98792000000,47584000000,23673000000,12512000000,14012000000,-5964000000,-8148000000,3155000000,1.143
25/07/2018,1.64E+11,3.5638,13.6612,0.015322,0.0732,Q3-2018,12543673722,4904673722,0.257292,0.052281,0.302749,1.68,30.7664,4159000000,0.8771,0.4623,0.400353,0.127826,-0.501078,0.3074,0.332056,0.130644,0.043351,7.99,57906000000,17531000000,98792000000,47584000000,23673000000,12512000000,14012000000,-5964000000,-8148000000,3155000000,1.143
24/07/2018,1.64E+11,3.5484,13.6022,0.015389,0.073517,Q3-2018,12543673722,4904673722,0.257292,0.052281,0.302749,1.68,30.7664,4159000000,0.8771,0.4623,0.400353,0.127826,-0.501078,0.3074,0.332056,0.130644,0.043351,7.99,57906000000,17531000000,98792000000,47584000000,23673000000,12512000000,14012000000,-5964000000,-8148000000,3155000000,1.143
23/07/2018,1.64E+11,3.5609,13.6501,0.015335,0.073259,Q3-2018,12543673722,4904673722,0.257292,0.052281,0.302749,1.68,30.7664,4159000000,0.8771,0.4623,0.400353,0.127826,-0.501078,0.3074,0.332056,0.130644,0.043351,7.99,57906000000,17531000000,98792000000,47584000000,23673000000,12512000000,14012000000,-5964000000,-8148000000,3155000000,1.143
20/07/2018,1.65E+11,3.5734,13.6981,0.015281,0.073003,Q3-2018,12543673722,4904673722,0.257292,0.052281,0.302749,1.68,30.7664,4159000000,0.8771,0.4623,0.400353,0.127826,-0.501078,0.3074,0.332056,0.130644,0.043351,7.99,57906000000,17531000000,98792000000,47584000000,23673000000,12512000000,14012000000,-5964000000,-8148000000,3155000000,1.143
19/07/2018,1.66E+11,3.5943,13.7779,0.015192,0.07258,Q3-2018,12543673722,4904673722,0.257292,0.052281,0.302749,1.68,30.7664,4159000000,0.8771,0.4623,0.400353,0.127826,-0.501078,0.3074,0.332056,0.130644,0.043351,7.99,57906000000,17531000000,98792000000,47584000000,23673000000,12512000000,14012000000,-5964000000,-8148000000,3155000000,1.143
18/07/2018,1.64E+11,3.5481,13.601,0.01539,0.073524,Q3-2018,12543673722,4904673722,0.257292,0.052281,0.302749,1.68,30.7664,4159000000,0.8771,0.4623,0.400353,0.127826,-0.501078,0.3074,0.332056,0.130644,0.043351,7.99,57906000000,17531000000,98792000000,47584000000,23673000000,12512000000,14012000000,-5964000000,-8148000000,3155000000,1.143
17/07/2018,1.63E+11,3.5356,13.5531,0.015444,0.073784,Q3-2018,12543673722,4904673722,0.257292,0.052281,0.302749,1.68,30.7664,4159000000,0.8771,0.4623,0.400353,0.127826,-0.501078,0.3074,0.332056,0.130644,0.043351,7.99,57906000000,17531000000,98792000000,47584000000,23673000000,12512000000,14012000000,-5964000000,-8148000000,3155000000,0.9096
16/07/2018,1.63E+11,3.5324,13.5408,0.015458,0.073851,Q3-2018,12543673722,4904673722,0.257292,0.052281,0.302749,1.68,30.7664,4159000000,0.8771,0.4623,0.400353,0.127826,-0.501078,0.3074,0.332056,0.130644,0.043351,7.99,57906000000,17531000000,98792000000,47584000000,23673000000,12512000000,14012000000,-5964000000,-8148000000,3155000000,0.9096
13/07/2018,1.63E+11,3.526,13.5162,0.015487,0.073985,Q3-2018,12543673722,4904673722,0.257292,0.052281,0.302749,1.68,30.7664,4159000000,0.8771,0.4623,0.400353,0.127826,-0.501078,0.3074,0.332056,0.130644,0.043351,7.99,57906000000,17531000000,98792000000,47584000000,23673000000,12512000000,14012000000,-5964000000,-8148000000,3155000000,0.9096
12/07/2018,1.60E+11,3.4699,13.3012,0.015737,0.075181,Q3-2018,12543673722,4904673722,0.257292,0.052281,0.302749,1.68,30.7664,4159000000,0.8771,0.4623,0.400353,0.127826,-0.501078,0.3074,0.332056,0.130644,0.043351,7.99,57906000000,17531000000,98792000000,47584000000,23673000000,12512000000,14012000000,-5964000000,-8148000000,3155000000,0.9096
11/07/2018,1.60E+11,3.4632,13.2754,0.015767,0.075327,Q3-2018,12543673722,4904673722,0.257292,0.052281,0.302749,1.68,30.7664,4159000000,0.8771,0.4623,0.400353,0.127826,-0.501078,0.3074,0.332056,0.130644,0.043351,7.99,57906000000,17531000000,98792000000,47584000000,23673000000,12512000000,14012000000,-5964000000,-8148000000,3155000000,0.9096
10/07/2018,1.57E+11,3.3987,13.0284,0.016066,0.076755,Q3-2018,12543673722,4904673722,0.257292,0.052281,0.302749,1.68,30.7664,4159000000,0.8771,0.4623,0.400353,0.127826,-0.501078,0.3074,0.332056,0.130644,0.043351,7.99,57906000000,17531000000,98792000000,47584000000,23673000000,12512000000,14012000000,-5964000000,-8148000000,3155000000,0.9096
09/07/2018,1.57E+11,3.3984,13.0272,0.016068,0.076763,Q3-2018,12543673722,4904673722,0.257292,0.052281,0.302749,1.68,30.7664,4159000000,0.8771,0.4623,0.400353,0.127826,-0.501078,0.3074,0.332056,0.130644,0.043351,7.99,57906000000,17531000000,98792000000,47584000000,23673000000,12512000000,14012000000,-5964000000,-8148000000,3155000000,0.9096
06/07/2018,1.55E+11,3.3587,12.8748,0.016258,0.077671,Q3-2018,12543673722,4904673722,0.257292,0.052281,0.302749,1.68,30.7664,4159000000,0.8771,0.4623,0.400353,0.127826,-0.501078,0.3074,0.332056,0.130644,0.043351,7.99,57906000000,17531000000,98792000000,47584000000,23673000000,12512000000,14012000000,-5964000000,-8148000000,3155000000,0.9096
05/07/2018,1.54E+11,3.3497,12.8404,0.015719,0.077879,Q3-2018,12543673722,4904673722,0.257292,0.052281,0.302749,1.68,30.7664,4159000000,0.8771,0.4623,0.400353,0.127826,-0.501078,0.3074,0.332056,0.130644,0.043351,7.99,57906000000,17531000000,98792000000,47584000000,23673000000,12512000000,14012000000,-5964000000,-8148000000,3155000000,0.9096
03/07/2018,1.52E+11,3.3083,12.6819,0.015916,0.078852,Q3-2018,12543673722,4904673722,0.257292,0.052281,0.302749,1.68,30.7664,4159000000,0.8771,0.4623,0.400353,0.127826,-0.501078,0.3074,0.332056,0.130644,0.043351,7.99,57906000000,17531000000,98792000000,47584000000,23673000000,12512000000,14012000000,-5964000000,-8148000000,3155000000,0.9096
02/07/2018,1.54E+11,3.3494,12.8392,0.015721,0.077887,Q3-2018,12543673722,4904673722,0.257292,0.052281,0.302749,1.68,30.7664,4159000000,0.8771,0.4623,0.400353,0.127826,-0.501078,0.3074,0.332056,0.130644,0.043351,7.99,57906000000,17531000000,98792000000,47584000000,23673000000,12512000000,14012000000,-5964000000,-8148000000,3155000000,0.9096
29/06/2018,1.55E+11,3.4292,13.4955,0.015799,0.074099,Q2-2018,12042986557,5849986557,0.245745,0.007032,0.301936,1.62,29.9013,3744000000,0.852,0.4957,0.304348,0.101583,-0.379947,0.3199,0.238397,0.125713,0.024793,7.54,56916000000,17185000000,97943000000,48142000000,24684000000,11927000000,14433000000,-5526000000,-8792000000,3148000000,0.9096
28/06/2018,1.55E+11,3.4279,13.4903,0.015805,0.074127,Q2-2018,12042986557,5849986557,0.245745,0.007032,0.301936,1.62,29.9013,3744000000,0.852,0.4957,0.304348,0.101583,-0.379947,0.3199,0.238397,0.125713,0.024793,7.54,56916000000,17185000000,97943000000,48142000000,24684000000,11927000000,14433000000,-5526000000,-8792000000,3148000000,0.9096
27/06/2018,1.54E+11,3.4014,13.386,0.015928,0.074705,Q2-2018,12042986557,5849986557,0.245745,0.007032,0.301936,1.62,29.9013,3744000000,0.852,0.4957,0.304348,0.101583,-0.379947,0.3199,0.238397,0.125713,0.024793,7.54,56916000000,17185000000,97943000000,48142000000,24684000000,11927000000,14433000000,-5526000000,-8792000000,3148000000,0.9096
26/06/2018,1.54E+11,3.4112,13.4247,0.015882,0.07449,Q2-2018,12042986557,5849986557,0.245745,0.007032,0.301936,1.62,29.9013,3744000000,0.852,0.4957,0.304348,0.101583,-0.379947,0.3199,0.238397,0.125713,0.024793,7.54,56916000000,17185000000,97943000000,48142000000,24684000000,11927000000,14433000000,-5526000000,-8792000000,3148000000,0.9096
25/06/2018,1.54E+11,3.4175,13.4491,0.015853,0.074354,Q2-2018,12042986557,5849986557,0.245745,0.007032,0.301936,1.62,29.9013,3744000000,0.852,0.4957,0.304348,0.101583,-0.379947,0.3199,0.238397,0.125713,0.024793,7.54,56916000000,17185000000,97943000000,48142000000,24684000000,11927000000,14433000000,-5526000000,-8792000000,3148000000,0.9096
22/06/2018,1.57E+11,3.4793,13.6925,0.015572,0.073033,Q2-2018,12042986557,5849986557,0.245745,0.007032,0.301936,1.62,29.9013,3744000000,0.852,0.4957,0.304348,0.101583,-0.379947,0.3199,0.238397,0.125713,0.024793,7.54,56916000000,17185000000,97943000000,48142000000,24684000000,11927000000,14433000000,-5526000000,-8792000000,3148000000,0.9096
21/06/2018,1.56E+11,3.4646,13.6346,0.015638,0.073343,Q2-2018,12042986557,5849986557,0.245745,0.007032,0.301936,1.62,29.9013,3744000000,0.852,0.4957,0.304348,0.101583,-0.379947,0.3199,0.238397,0.125713,0.024793,7.54,56916000000,17185000000,97943000000,48142000000,24684000000,11927000000,14433000000,-5526000000,-8792000000,3148000000,0.9096
20/06/2018,1.58E+11,3.5058,13.7968,0.015454,0.072481,Q2-2018,12042986557,5849986557,0.245745,0.007032,0.301936,1.62,29.9013,3744000000,0.852,0.4957,0.304348,0.101583,-0.379947,0.3199,0.238397,0.125713,0.024793,7.54,56916000000,17185000000,97943000000,48142000000,24684000000,11927000000,14433000000,-5526000000,-8792000000,3148000000,0.9096
19/06/2018,1.57E+11,3.4715,13.6616,0.015607,0.073198,Q2-2018,12042986557,5849986557,0.245745,0.007032,0.301936,1.62,29.9013,3744000000,0.852,0.4957,0.304348,0.101583,-0.379947,0.3199,0.238397,0.125713,0.024793,7.54,56916000000,17185000000,97943000000,48142000000,24684000000,11927000000,14433000000,-5526000000,-8792000000,3148000000,0.9096
18/06/2018,1.58E+11,3.5029,13.7852,0.015467,0.072542,Q2-2018,12042986557,5849986557,0.245745,0.007032,0.301936,1.62,29.9013,3744000000,0.852,0.4957,0.304348,0.101583,-0.379947,0.3199,0.238397,0.125713,0.024793,7.54,56916000000,17185000000,97943000000,48142000000,24684000000,11927000000,14433000000,-5526000000,-8792000000,3148000000,0.9096
15/06/2018,1.61E+11,3.5614,14.0157,0.015212,0.071349,Q2-2018,12042986557,5849986557,0.245745,0.007032,0.301936,1.62,29.9013,3744000000,0.852,0.4957,0.304348,0.101583,-0.379947,0.3199,0.238397,0.125713,0.024793,7.54,56916000000,17185000000,97943000000,48142000000,24684000000,11927000000,14433000000,-5526000000,-8792000000,3148000000,0.9405
14/06/2018,1.61E+11,3.5582,14.0028,0.015226,0.071414,Q2-2018,12042986557,5849986557,0.245745,0.007032,0.301936,1.62,29.9013,3744000000,0.852,0.4957,0.304348,0.101583,-0.379947,0.3199,0.238397,0.125713,0.024793,7.54,56916000000,17185000000,97943000000,48142000000,24684000000,11927000000,14433000000,-5526000000,-8792000000,3148000000,0.9405
13/06/2018,1.57E+11,3.4783,13.6886,0.015576,0.073053,Q2-2018,12042986557,5849986557,0.245745,0.007032,0.301936,1.62,29.9013,3744000000,0.852,0.4957,0.304348,0.101583,-0.379947,0.3199,0.238397,0.125713,0.024793,7.54,56916000000,17185000000,97943000000,48142000000,24684000000,11927000000,14433000000,-5526000000,-8792000000,3148000000,0.9405
12/06/2018,1.54E+11,3.4135,13.4337,0.015872,0.07444,Q2-2018,12042986557,5849986557,0.245745,0.007032,0.301936,1.62,29.9013,3744000000,0.852,0.4957,0.304348,0.101583,-0.379947,0.3199,0.238397,0.125713,0.024793,7.54,56916000000,17185000000,97943000000,48142000000,24684000000,11927000000,14433000000,-5526000000,-8792000000,3148000000,0.9405
11/06/2018,1.54E+11,3.4142,13.4363,0.015869,0.074425,Q2-2018,12042986557,5849986557,0.245745,0.007032,0.301936,1.62,29.9013,3744000000,0.852,0.4957,0.304348,0.101583,-0.379947,0.3199,0.238397,0.125713,0.024793,7.54,56916000000,17185000000,97943000000,48142000000,24684000000,11927000000,14433000000,-5526000000,-8792000000,3148000000,0.9405
08/06/2018,1.54E+11,3.4021,13.3886,0.015925,0.07469,Q2-2018,12042986557,5849986557,0.245745,0.007032,0.301936,1.62,29.9013,3744000000,0.852,0.4957,0.304348,0.101583,-0.379947,0.3199,0.238397,0.125713,0.024793,7.54,56916000000,17185000000,97943000000,48142000000,24684000000,11927000000,14433000000,-5526000000,-8792000000,3148000000,0.9405
07/06/2018,1.51E+11,3.3527,13.1942,0.01616,0.075791,Q2-2018,12042986557,5849986557,0.245745,0.007032,0.301936,1.62,29.9013,3744000000,0.852,0.4957,0.304348,0.101583,-0.379947,0.3199,0.238397,0.125713,0.024793,7.54,56916000000,17185000000,97943000000,48142000000,24684000000,11927000000,14433000000,-5526000000,-8792000000,3148000000,0.9405
06/06/2018,1.51E+11,3.3344,13.1221,0.016248,0.076207,Q2-2018,12042986557,5849986557,0.245745,0.007032,0.301936,1.62,29.9013,3744000000,0.852,0.4957,0.304348,0.101583,-0.379947,0.3199,0.238397,0.125713,0.024793,7.54,56916000000,17185000000,97943000000,48142000000,24684000000,11927000000,14433000000,-5526000000,-8792000000,3148000000,0.9405
05/06/2018,1.48E+11,3.2699,12.8684,0.016569,0.07771,Q2-2018,12042986557,5849986557,0.245745,0.007032,0.301936,1.62,29.9013,3744000000,0.852,0.4957,0.304348,0.101583,-0.379947,0.3199,0.238397,0.125713,0.024793,7.54,56916000000,17185000000,97943000000,48142000000,24684000000,11927000000,14433000000,-5526000000,-8792000000,3148000000,0.9405
04/06/2018,1.48E+11,3.2797,12.9071,0.016519,0.077477,Q2-2018,12042986557,5849986557,0.245745,0.007032,0.301936,1.62,29.9013,3744000000,0.852,0.4957,0.304348,0.101583,-0.379947,0.3199,0.238397,0.125713,0.024793,7.54,56916000000,17185000000,97943000000,48142000000,24684000000,11927000000,14433000000,-5526000000,-8792000000,3148000000,0.9405
01/06/2018,1.47E+11,3.2509,12.7937,0.016665,0.078163,Q2-2018,12042986557,5849986557,0.245745,0.007032,0.301936,1.62,29.9013,3744000000,0.852,0.4957,0.304348,0.101583,-0.379947,0.3199,0.238397,0.125713,0.024793,7.54,56916000000,17185000000,97943000000,48142000000,24684000000,11927000000,14433000000,-5526000000,-8792000000,3148000000,0.9405
31/05/2018,1.47E+11,3.2545,12.8079,0.016647,0.078077,Q2-2018,12042986557,5849986557,0.245745,0.007032,0.301936,1.62,29.9013,3744000000,0.852,0.4957,0.304348,0.101583,-0.379947,0.3199,0.238397,0.125713,0.024793,7.54,56916000000,17185000000,97943000000,48142000000,24684000000,11927000000,14433000000,-5526000000,-8792000000,3148000000,0.9405
30/05/2018,1.48E+11,3.2712,12.8736,0.016562,0.077679,Q2-2018,12042986557,5849986557,0.245745,0.007032,0.301936,1.62,29.9013,3744000000,0.852,0.4957,0.304348,0.101583,-0.379947,0.3199,0.238397,0.125713,0.024793,7.54,56916000000,17185000000,97943000000,48142000000,24684000000,11927000000,14433000000,-5526000000,-8792000000,3148000000,0.9405
29/05/2018,1.47E+11,3.2617,12.8362,0.01661,0.077904,Q2-2018,12042986557,5849986557,0.245745,0.007032,0.301936,1.62,29.9013,3744000000,0.852,0.4957,0.304348,0.101583,-0.379947,0.3199,0.238397,0.125713,0.024793,7.54,56916000000,17185000000,97943000000,48142000000,24684000000,11927000000,14433000000,-5526000000,-8792000000,3148000000,0.9405
25/05/2018,1.51E+11,3.3438,13.1594,0.016202,0.075991,Q2-2018,12042986557,5849986557,0.245745,0.007032,0.301936,1.62,29.9013,3744000000,0.852,0.4957,0.304348,0.101583,-0.379947,0.3199,0.238397,0.125713,0.024793,7.54,56916000000,17185000000,97943000000,48142000000,24684000000,11927000000,14433000000,-5526000000,-8792000000,3148000000,0.9405
24/05/2018,1.51E+11,3.3409,13.1478,0.016217,0.076058,Q2-2018,12042986557,5849986557,0.245745,0.007032,0.301936,1.62,29.9013,3744000000,0.852,0.4957,0.304348,0.101583,-0.379947,0.3199,0.238397,0.125713,0.024793,7.54,56916000000,17185000000,97943000000,48142000000,24684000000,11927000000,14433000000,-5526000000,-8792000000,3148000000,0.9405
23/05/2018,1.52E+11,3.3664,13.2483,0.016094,0.075482,Q2-2018,12042986557,5849986557,0.245745,0.007032,0.301936,1.62,29.9013,3744000000,0.852,0.4957,0.304348,0.101583,-0.379947,0.3199,0.238397,0.125713,0.024793,7.54,56916000000,17185000000,97943000000,48142000000,24684000000,11927000000,14433000000,-5526000000,-8792000000,3148000000,0.9405
22/05/2018,1.54E+11,3.405,13.4002,0.015911,0.074626,Q2-2018,12042986557,5849986557,0.245745,0.007032,0.301936,1.62,29.9013,3744000000,0.852,0.4957,0.304348,0.101583,-0.379947,0.3199,0.238397,0.125713,0.024793,7.54,56916000000,17185000000,97943000000,48142000000,24684000000,11927000000,14433000000,-5526000000,-8792000000,3148000000,0.9405
21/05/2018,1.54E+11,3.4047,13.3989,0.015913,0.074633,Q2-2018,12042986557,5849986557,0.245745,0.007032,0.301936,1.62,29.9013,3744000000,0.852,0.4957,0.304348,0.101583,-0.379947,0.3199,0.238397,0.125713,0.024793,7.54,56916000000,17185000000,97943000000,48142000000,24684000000,11927000000,14433000000,-5526000000,-8792000000,3148000000,0.9405
18/05/2018,1.54E+11,3.4005,13.3822,0.015933,0.074726,Q2-2018,12042986557,5849986557,0.245745,0.007032,0.301936,1.62,29.9013,3744000000,0.852,0.4957,0.304348,0.101583,-0.379947,0.3199,0.238397,0.125713,0.024793,7.54,56916000000,17185000000,97943000000,48142000000,24684000000,11927000000,14433000000,-5526000000,-8792000000,3148000000,0.9405
17/05/2018,1.54E+11,3.4139,13.435,0.01587,0.074433,Q2-2018,12042986557,5849986557,0.245745,0.007032,0.301936,1.62,29.9013,3744000000,0.852,0.4957,0.304348,0.101583,-0.379947,0.3199,0.238397,0.125713,0.024793,7.54,56916000000,17185000000,97943000000,48142000000,24684000000,11927000000,14433000000,-5526000000,-8792000000,3148000000,0.9405
16/05/2018,1.55E+11,3.4368,13.5251,0.015764,0.073937,Q2-2018,12042986557,5849986557,0.245745,0.007032,0.301936,1.62,29.9013,3744000000,0.852,0.4957,0.304348,0.101583,-0.379947,0.3199,0.238397,0.125713,0.024793,7.54,56916000000,17185000000,97943000000,48142000000,24684000000,11927000000,14433000000,-5526000000,-8792000000,3148000000,0.9405
15/05/2018,1.52E+11,3.3674,13.2521,0.016089,0.07546,Q2-2018,12042986557,5849986557,0.245745,0.007032,0.301936,1.62,29.9013,3744000000,0.852,0.4957,0.304348,0.101583,-0.379947,0.3199,0.238397,0.125713,0.024793,7.54,56916000000,17185000000,97943000000,48142000000,24684000000,11927000000,14433000000,-5526000000,-8792000000,3148000000,0.9593
14/05/2018,1.51E+11,3.3517,13.1903,0.016164,0.075813,Q2-2018,12042986557,5849986557,0.245745,0.007032,0.301936,1.62,29.9013,3744000000,0.852,0.4957,0.304348,0.101583,-0.379947,0.3199,0.238397,0.125713,0.024793,7.54,56916000000,17185000000,97943000000,48142000000,24684000000,11927000000,14433000000,-5526000000,-8792000000,3148000000,0.9593
11/05/2018,1.51E+11,3.3396,13.1427,0.016223,0.076088,Q2-2018,12042986557,5849986557,0.245745,0.007032,0.301936,1.62,29.9013,3744000000,0.852,0.4957,0.304348,0.101583,-0.379947,0.3199,0.238397,0.125713,0.024793,7.54,56916000000,17185000000,97943000000,48142000000,24684000000,11927000000,14433000000,-5526000000,-8792000000,3148000000,0.9593
10/05/2018,1.50E+11,3.3268,13.0925,0.016285,0.07638,Q2-2018,12042986557,5849986557,0.245745,0.007032,0.301936,1.62,29.9013,3744000000,0.852,0.4957,0.304348,0.101583,-0.379947,0.3199,0.238397,0.125713,0.024793,7.54,56916000000,17185000000,97943000000,48142000000,24684000000,11927000000,14433000000,-5526000000,-8792000000,3148000000,0.9593
09/05/2018,1.48E+11,3.2709,12.8723,0.016564,0.077686,Q2-2018,12042986557,5849986557,0.245745,0.007032,0.301936,1.62,29.9013,3744000000,0.852,0.4957,0.304348,0.101583,-0.379947,0.3199,0.238397,0.125713,0.024793,7.54,56916000000,17185000000,97943000000,48142000000,24684000000,11927000000,14433000000,-5526000000,-8792000000,3148000000,0.9593
08/05/2018,1.50E+11,3.3304,13.1066,0.016268,0.076297,Q2-2018,12042986557,5849986557,0.245745,0.007032,0.301936,1.62,29.9013,3744000000,0.852,0.4957,0.304348,0.101583,-0.379947,0.3199,0.238397,0.125713,0.024793,7.54,56916000000,17185000000,97943000000,48142000000,24684000000,11927000000,14433000000,-5526000000,-8792000000,3148000000,0.9593
07/05/2018,1.51E+11,3.353,13.1955,0.016158,0.075784,Q2-2018,12042986557,5849986557,0.245745,0.007032,0.301936,1.62,29.9013,3744000000,0.852,0.4957,0.304348,0.101583,-0.379947,0.3199,0.238397,0.125713,0.024793,7.54,56916000000,17185000000,97943000000,48142000000,24684000000,11927000000,14433000000,-5526000000,-8792000000,3148000000,0.9593
04/05/2018,1.49E+11,3.3095,13.0242,0.016371,0.07678,Q2-2018,12042986557,5849986557,0.245745,0.007032,0.301936,1.62,29.9013,3744000000,0.852,0.4957,0.304348,0.101583,-0.379947,0.3199,0.238397,0.125713,0.024793,7.54,56916000000,17185000000,97943000000,48142000000,24684000000,11927000000,14433000000,-5526000000,-8792000000,3148000000,0.9593
03/05/2018,1.46E+11,3.2313,12.7165,0.016767,0.078638,Q2-2018,12042986557,5849986557,0.245745,0.007032,0.301936,1.62,29.9013,3744000000,0.852,0.4957,0.304348,0.101583,-0.379947,0.3199,0.238397,0.125713,0.024793,7.54,56916000000,17185000000,97943000000,48142000000,24684000000,11927000000,14433000000,-5526000000,-8792000000,3148000000,0.9593
02/05/2018,1.47E+11,3.2594,12.8272,0.016622,0.077959,Q2-2018,12042986557,5849986557,0.245745,0.007032,0.301936,1.62,29.9013,3744000000,0.852,0.4957,0.304348,0.101583,-0.379947,0.3199,0.238397,0.125713,0.024793,7.54,56916000000,17185000000,97943000000,48142000000,24684000000,11927000000,14433000000,-5526000000,-8792000000,3148000000,0.9593
01/05/2018,1.48E+11,3.2738,12.8839,0.016549,0.077616,Q2-2018,12042986557,5849986557,0.245745,0.007032,0.301936,1.62,29.9013,3744000000,0.852,0.4957,0.304348,0.101583,-0.379947,0.3199,0.238397,0.125713,0.024793,7.54,56916000000,17185000000,97943000000,48142000000,24684000000,11927000000,14433000000,-5526000000,-8792000000,3148000000,0.9593
30/04/2018,1.48E+11,3.2827,12.9186,0.016504,0.077408,Q2-2018,12042986557,5849986557,0.245745,0.007032,0.301936,1.62,29.9013,3744000000,0.852,0.4957,0.304348,0.101583,-0.379947,0.3199,0.238397,0.125713,0.024793,7.54,56916000000,17185000000,97943000000,48142000000,24684000000,11927000000,14433000000,-5526000000,-8792000000,3148000000,0.9593
27/04/2018,1.47E+11,3.2467,12.777,0.016687,0.078266,Q2-2018,12042986557,5849986557,0.245745,0.007032,0.301936,1.62,29.9013,3744000000,0.852,0.4957,0.304348,0.101583,-0.379947,0.3199,0.238397,0.125713,0.024793,7.54,56916000000,17185000000,97943000000,48142000000,24684000000,11927000000,14433000000,-5526000000,-8792000000,3148000000,0.9593
26/04/2018,1.47E+11,3.2666,12.8555,0.016585,0.077787,Q2-2018,12042986557,5849986557,0.245745,0.007032,0.301936,1.62,29.9013,3744000000,0.852,0.4957,0.304348,0.101583,-0.379947,0.3199,0.238397,0.125713,0.024793,7.54,56916000000,17185000000,97943000000,48142000000,24684000000,11927000000,14433000000,-5526000000,-8792000000,3148000000,0.9593
25/04/2018,1.49E+11,3.3095,13.0242,0.016371,0.07678,Q2-2018,12042986557,5849986557,0.245745,0.007032,0.301936,1.62,29.9013,3744000000,0.852,0.4957,0.304348,0.101583,-0.379947,0.3199,0.238397,0.125713,0.024793,7.54,56916000000,17185000000,97943000000,48142000000,24684000000,11927000000,14433000000,-5526000000,-8792000000,3148000000,0.9593
24/04/2018,1.47E+11,3.2542,12.8066,0.016649,0.078085,Q2-2018,12042986557,5849986557,0.245745,0.007032,0.301936,1.62,29.9013,3744000000,0.852,0.4957,0.304348,0.101583,-0.379947,0.3199,0.238397,0.125713,0.024793,7.54,56916000000,17185000000,97943000000,48142000000,24684000000,11927000000,14433000000,-5526000000,-8792000000,3148000000,0.9593
23/04/2018,1.48E+11,3.2768,12.8955,0.016534,0.077547,Q2-2018,12042986557,5849986557,0.245745,0.007032,0.301936,1.62,29.9013,3744000000,0.852,0.4957,0.304348,0.101583,-0.379947,0.3199,0.238397,0.125713,0.024793,7.54,56916000000,17185000000,97943000000,48142000000,24684000000,11927000000,14433000000,-5526000000,-8792000000,3148000000,0.9593
20/04/2018,1.48E+11,3.2797,12.9071,0.016519,0.077477,Q2-2018,12042986557,5849986557,0.245745,0.007032,0.301936,1.62,29.9013,3744000000,0.852,0.4957,0.304348,0.101583,-0.379947,0.3199,0.238397,0.125713,0.024793,7.54,56916000000,17185000000,97943000000,48142000000,24684000000,11927000000,14433000000,-5526000000,-8792000000,3148000000,0.9593
19/04/2018,1.49E+11,3.301,12.9907,0.016413,0.076978,Q2-2018,12042986557,5849986557,0.245745,0.007032,0.301936,1.62,29.9013,3744000000,0.852,0.4957,0.304348,0.101583,-0.379947,0.3199,0.238397,0.125713,0.024793,7.54,56916000000,17185000000,97943000000,48142000000,24684000000,11927000000,14433000000,-5526000000,-8792000000,3148000000,0.9593
18/04/2018,1.50E+11,3.3115,13.032,0.016361,0.076734,Q2-2018,12042986557,5849986557,0.245745,0.007032,0.301936,1.62,29.9013,3744000000,0.852,0.4957,0.304348,0.101583,-0.379947,0.3199,0.238397,0.125713,0.024793,7.54,56916000000,17185000000,97943000000,48142000000,24684000000,11927000000,14433000000,-5526000000,-8792000000,3148000000,0.9593
17/04/2018,1.51E+11,3.3429,13.1556,0.016207,0.076013,Q2-2018,12042986557,5849986557,0.245745,0.007032,0.301936,1.62,29.9013,3744000000,0.852,0.4957,0.304348,0.101583,-0.379947,0.3199,0.238397,0.125713,0.024793,7.54,56916000000,17185000000,97943000000,48142000000,24684000000,11927000000,14433000000,-5526000000,-8792000000,3148000000,0.9593
16/04/2018,1.48E+11,3.2797,12.9071,0.016519,0.077477,Q2-2018,12042986557,5849986557,0.245745,0.007032,0.301936,1.62,29.9013,3744000000,0.852,0.4957,0.304348,0.101583,-0.379947,0.3199,0.238397,0.125713,0.024793,7.54,56916000000,17185000000,97943000000,48142000000,24684000000,11927000000,14433000000,-5526000000,-8792000000,3148000000,0.9593
13/04/2018,1.48E+11,3.2833,12.9212,0.016501,0.077392,Q2-2018,12042986557,5849986557,0.245745,0.007032,0.301936,1.62,29.9013,3744000000,0.852,0.4957,0.304348,0.101583,-0.379947,0.3199,0.238397,0.125713,0.024793,7.54,56916000000,17185000000,97943000000,48142000000,24684000000,11927000000,14433000000,-5526000000,-8792000000,3148000000,0.9593
12/04/2018,1.48E+11,3.2846,12.9264,0.016494,0.077361,Q2-2018,12042986557,5849986557,0.245745,0.007032,0.301936,1.62,29.9013,3744000000,0.852,0.4957,0.304348,0.101583,-0.379947,0.3199,0.238397,0.125713,0.024793,7.54,56916000000,17185000000,97943000000,48142000000,24684000000,11927000000,14433000000,-5526000000,-8792000000,3148000000,0.9033
11/04/2018,1.49E+11,3.298,12.9792,0.016427,0.077047,Q2-2018,12042986557,5849986557,0.245745,0.007032,0.301936,1.62,29.9013,3744000000,0.852,0.4957,0.304348,0.101583,-0.379947,0.3199,0.238397,0.125713,0.024793,7.54,56916000000,17185000000,97943000000,48142000000,24684000000,11927000000,14433000000,-5526000000,-8792000000,3148000000,0.9033
10/04/2018,1.50E+11,3.3167,13.0526,0.016335,0.076613,Q2-2018,12042986557,5849986557,0.245745,0.007032,0.301936,1.62,29.9013,3744000000,0.852,0.4957,0.304348,0.101583,-0.379947,0.3199,0.238397,0.125713,0.024793,7.54,56916000000,17185000000,97943000000,48142000000,24684000000,11927000000,14433000000,-5526000000,-8792000000,3148000000,0.9033
09/04/2018,1.47E+11,3.2621,12.8375,0.016609,0.077897,Q2-2018,12042986557,5849986557,0.245745,0.007032,0.301936,1.62,29.9013,3744000000,0.852,0.4957,0.304348,0.101583,-0.379947,0.3199,0.238397,0.125713,0.024793,7.54,56916000000,17185000000,97943000000,48142000000,24684000000,11927000000,14433000000,-5526000000,-8792000000,3148000000,0.9033
06/04/2018,1.48E+11,3.2833,12.9212,0.016501,0.077392,Q2-2018,12042986557,5849986557,0.245745,0.007032,0.301936,1.62,29.9013,3744000000,0.852,0.4957,0.304348,0.101583,-0.379947,0.3199,0.238397,0.125713,0.024793,7.54,56916000000,17185000000,97943000000,48142000000,24684000000,11927000000,14433000000,-5526000000,-8792000000,3148000000,0.9033
05/04/2018,1.51E+11,3.3409,13.1478,0.016217,0.076058,Q2-2018,12042986557,5849986557,0.245745,0.007032,0.301936,1.62,29.9013,3744000000,0.852,0.4957,0.304348,0.101583,-0.379947,0.3199,0.238397,0.125713,0.024793,7.54,56916000000,17185000000,97943000000,48142000000,24684000000,11927000000,14433000000,-5526000000,-8792000000,3148000000,0.9033
04/04/2018,1.49E+11,3.3029,12.9985,0.016403,0.076932,Q2-2018,12042986557,5849986557,0.245745,0.007032,0.301936,1.62,29.9013,3744000000,0.852,0.4957,0.304348,0.101583,-0.379947,0.3199,0.238397,0.125713,0.024793,7.54,56916000000,17185000000,97943000000,48142000000,24684000000,11927000000,14433000000,-5526000000,-8792000000,3148000000,0.9033
03/04/2018,1.47E+11,3.2529,12.8015,0.016655,0.078116,Q2-2018,12042986557,5849986557,0.245745,0.007032,0.301936,1.62,29.9013,3744000000,0.852,0.4957,0.304348,0.101583,-0.379947,0.3199,0.238397,0.125713,0.024793,7.54,56916000000,17185000000,97943000000,48142000000,24684000000,11927000000,14433000000,-5526000000,-8792000000,3148000000,0.9033
02/04/2018,1.46E+11,3.228,12.7036,0.016784,0.078718,Q2-2018,12042986557,5849986557,0.245745,0.007032,0.301936,1.62,29.9013,3744000000,0.852,0.4957,0.304348,0.101583,-0.379947,0.3199,0.238397,0.125713,0.024793,7.54,56916000000,17185000000,97943000000,48142000000,24684000000,11927000000,14433000000,-5526000000,-8792000000,3148000000,0.9033
29/03/2018,1.49E+11,3.4526,13.6817,0.016486,0.07309,Q1-2018,11383060327,4661060327,0.237961,0.012525,0.301863,1.62,28.4609,3564000000,0.8691,0.541,0.27027,0.112576,-0.484758,0.3222,0.211678,0.11992,0.009643,7.1,55704000000,16815000000,97734000000,49509000000,26091000000,11351000000,13135000000,-4119000000,-8556000000,3206000000,0.9033
28/03/2018,1.47E+11,3.3873,13.4229,0.016804,0.0745,Q1-2018,11383060327,4661060327,0.237961,0.012525,0.301863,1.62,28.4609,3564000000,0.8691,0.541,0.27027,0.112576,-0.484758,0.3222,0.211678,0.11992,0.009643,7.1,55704000000,16815000000,97734000000,49509000000,26091000000,11351000000,13135000000,-4119000000,-8556000000,3206000000,0.9033
27/03/2018,1.48E+11,3.4155,13.5346,0.016665,0.073885,Q1-2018,11383060327,4661060327,0.237961,0.012525,0.301863,1.62,28.4609,3564000000,0.8691,0.541,0.27027,0.112576,-0.484758,0.3222,0.211678,0.11992,0.009643,7.1,55704000000,16815000000,97734000000,49509000000,26091000000,11351000000,13135000000,-4119000000,-8556000000,3206000000,0.9033
26/03/2018,1.50E+11,3.4598,13.7103,0.016452,0.072938,Q1-2018,11383060327,4661060327,0.237961,0.012525,0.301863,1.62,28.4609,3564000000,0.8691,0.541,0.27027,0.112576,-0.484758,0.3222,0.211678,0.11992,0.009643,7.1,55704000000,16815000000,97734000000,49509000000,26091000000,11351000000,13135000000,-4119000000,-8556000000,3206000000,0.9033
23/03/2018,1.47E+11,3.3873,13.4229,0.016804,0.0745,Q1-2018,11383060327,4661060327,0.237961,0.012525,0.301863,1.62,28.4609,3564000000,0.8691,0.541,0.27027,0.112576,-0.484758,0.3222,0.211678,0.11992,0.009643,7.1,55704000000,16815000000,97734000000,49509000000,26091000000,11351000000,13135000000,-4119000000,-8556000000,3206000000,0.9033
22/03/2018,1.50E+11,3.4581,13.7035,0.01646,0.072974,Q1-2018,11383060327,4661060327,0.237961,0.012525,0.301863,1.62,28.4609,3564000000,0.8691,0.541,0.27027,0.112576,-0.484758,0.3222,0.211678,0.11992,0.009643,7.1,55704000000,16815000000,97734000000,49509000000,26091000000,11351000000,13135000000,-4119000000,-8556000000,3206000000,0.9033
21/03/2018,1.52E+11,3.5,13.8697,0.016263,0.0721,Q1-2018,11383060327,4661060327,0.237961,0.012525,0.301863,1.62,28.4609,3564000000,0.8691,0.541,0.27027,0.112576,-0.484758,0.3222,0.211678,0.11992,0.009643,7.1,55704000000,16815000000,97734000000,49509000000,26091000000,11351000000,13135000000,-4119000000,-8556000000,3206000000,0.9033
20/03/2018,1.51E+11,3.4839,13.8057,0.016338,0.072434,Q1-2018,11383060327,4661060327,0.237961,0.012525,0.301863,1.62,28.4609,3564000000,0.8691,0.541,0.27027,0.112576,-0.484758,0.3222,0.211678,0.11992,0.009643,7.1,55704000000,16815000000,97734000000,49509000000,26091000000,11351000000,13135000000,-4119000000,-8556000000,3206000000,0.9033
19/03/2018,1.51E+11,3.4883,13.8234,0.016317,0.072341,Q1-2018,11383060327,4661060327,0.237961,0.012525,0.301863,1.62,28.4609,3564000000,0.8691,0.541,0.27027,0.112576,-0.484758,0.3222,0.211678,0.11992,0.009643,7.1,55704000000,16815000000,97734000000,49509000000,26091000000,11351000000,13135000000,-4119000000,-8556000000,3206000000,0.9033
16/03/2018,1.53E+11,3.5361,14.0127,0.016097,0.071364,Q1-2018,11383060327,4661060327,0.237961,0.012525,0.301863,1.62,28.4609,3564000000,0.8691,0.541,0.27027,0.112576,-0.484758,0.3222,0.211678,0.11992,0.009643,7.1,55704000000,16815000000,97734000000,49509000000,26091000000,11351000000,13135000000,-4119000000,-8556000000,3206000000,0.9033
15/03/2018,1.54E+11,3.5488,14.0631,0.016039,0.071108,Q1-2018,11383060327,4661060327,0.237961,0.012525,0.301863,1.62,28.4609,3564000000,0.8691,0.541,0.27027,0.112576,-0.484758,0.3222,0.211678,0.11992,0.009643,7.1,55704000000,16815000000,97734000000,49509000000,26091000000,11351000000,13135000000,-4119000000,-8556000000,3206000000,0.9033
14/03/2018,1.55E+11,3.5715,14.153,0.015937,0.070656,Q1-2018,11383060327,4661060327,0.237961,0.012525,0.301863,1.62,28.4609,3564000000,0.8691,0.541,0.27027,0.112576,-0.484758,0.3222,0.211678,0.11992,0.009643,7.1,55704000000,16815000000,97734000000,49509000000,26091000000,11351000000,13135000000,-4119000000,-8556000000,3206000000,0.8631
13/03/2018,1.54E+11,3.5657,14.1299,0.015963,0.070772,Q1-2018,11383060327,4661060327,0.237961,0.012525,0.301863,1.62,28.4609,3564000000,0.8691,0.541,0.27027,0.112576,-0.484758,0.3222,0.211678,0.11992,0.009643,7.1,55704000000,16815000000,97734000000,49509000000,26091000000,11351000000,13135000000,-4119000000,-8556000000,3206000000,0.8631
12/03/2018,1.56E+11,3.6152,14.326,0.015745,0.069803,Q1-2018,11383060327,4661060327,0.237961,0.012525,0.301863,1.62,28.4609,3564000000,0.8691,0.541,0.27027,0.112576,-0.484758,0.3222,0.211678,0.11992,0.009643,7.1,55704000000,16815000000,97734000000,49509000000,26091000000,11351000000,13135000000,-4119000000,-8556000000,3206000000,0.8631
09/03/2018,1.56E+11,3.6001,14.2661,0.015811,0.070096,Q1-2018,11383060327,4661060327,0.237961,0.012525,0.301863,1.62,28.4609,3564000000,0.8691,0.541,0.27027,0.112576,-0.484758,0.3222,0.211678,0.11992,0.009643,7.1,55704000000,16815000000,97734000000,49509000000,26091000000,11351000000,13135000000,-4119000000,-8556000000,3206000000,0.8631
08/03/2018,1.55E+11,3.576,14.1707,0.015917,0.070568,Q1-2018,11383060327,4661060327,0.237961,0.012525,0.301863,1.62,28.4609,3564000000,0.8691,0.541,0.27027,0.112576,-0.484758,0.3222,0.211678,0.11992,0.009643,7.1,55704000000,16815000000,97734000000,49509000000,26091000000,11351000000,13135000000,-4119000000,-8556000000,3206000000,0.8631
07/03/2018,1.54E+11,3.5609,14.1108,0.015985,0.070868,Q1-2018,11383060327,4661060327,0.237961,0.012525,0.301863,1.62,28.4609,3564000000,0.8691,0.541,0.27027,0.112576,-0.484758,0.3222,0.211678,0.11992,0.009643,7.1,55704000000,16815000000,97734000000,49509000000,26091000000,11351000000,13135000000,-4119000000,-8556000000,3206000000,0.8631
06/03/2018,1.56E+11,3.6073,14.2947,0.015779,0.069956,Q1-2018,11383060327,4661060327,0.237961,0.012525,0.301863,1.62,28.4609,3564000000,0.8691,0.541,0.27027,0.112576,-0.484758,0.3222,0.211678,0.11992,0.009643,7.1,55704000000,16815000000,97734000000,49509000000,26091000000,11351000000,13135000000,-4119000000,-8556000000,3206000000,0.8631
05/03/2018,1.54E+11,3.5547,14.0863,0.016013,0.070991,Q1-2018,11383060327,4661060327,0.237961,0.012525,0.301863,1.62,28.4609,3564000000,0.8691,0.541,0.27027,0.112576,-0.484758,0.3222,0.211678,0.11992,0.009643,7.1,55704000000,16815000000,97734000000,49509000000,26091000000,11351000000,13135000000,-4119000000,-8556000000,3206000000,0.8631
02/03/2018,1.53E+11,3.5402,14.0291,0.016078,0.071281,Q1-2018,11383060327,4661060327,0.237961,0.012525,0.301863,1.62,28.4609,3564000000,0.8691,0.541,0.27027,0.112576,-0.484758,0.3222,0.211678,0.11992,0.009643,7.1,55704000000,16815000000,97734000000,49509000000,26091000000,11351000000,13135000000,-4119000000,-8556000000,3206000000,0.8631
01/03/2018,1.53E+11,3.5258,13.9719,0.016144,0.071572,Q1-2018,11383060327,4661060327,0.237961,0.012525,0.301863,1.62,28.4609,3564000000,0.8691,0.541,0.27027,0.112576,-0.484758,0.3222,0.211678,0.11992,0.009643,7.1,55704000000,16815000000,97734000000,49509000000,26091000000,11351000000,13135000000,-4119000000,-8556000000,3206000000,0.8631
28/02/2018,1.54E+11,3.5461,14.0522,0.016052,0.071163,Q1-2018,11383060327,4661060327,0.237961,0.012525,0.301863,1.62,28.4609,3564000000,0.8691,0.541,0.27027,0.112576,-0.484758,0.3222,0.211678,0.11992,0.009643,7.1,55704000000,16815000000,97734000000,49509000000,26091000000,11351000000,13135000000,-4119000000,-8556000000,3206000000,0.8631
27/02/2018,1.56E+11,3.6049,14.2852,0.01579,0.070003,Q1-2018,11383060327,4661060327,0.237961,0.012525,0.301863,1.62,28.4609,3564000000,0.8691,0.541,0.27027,0.112576,-0.484758,0.3222,0.211678,0.11992,0.009643,7.1,55704000000,16815000000,97734000000,49509000000,26091000000,11351000000,13135000000,-4119000000,-8556000000,3206000000,0.8631
26/02/2018,1.63E+11,3.7747,14.9581,0.01508,0.066854,Q1-2018,11383060327,4661060327,0.237961,0.012525,0.301863,1.62,28.4609,3564000000,0.8691,0.541,0.27027,0.112576,-0.484758,0.3222,0.211678,0.11992,0.009643,7.1,55704000000,16815000000,97734000000,49509000000,26091000000,11351000000,13135000000,-4119000000,-8556000000,3206000000,0.8631
23/02/2018,1.60E+11,3.6867,14.6093,0.015439,0.068449,Q1-2018,11383060327,4661060327,0.237961,0.012525,0.301863,1.62,28.4609,3564000000,0.8691,0.541,0.27027,0.112576,-0.484758,0.3222,0.211678,0.11992,0.009643,7.1,55704000000,16815000000,97734000000,49509000000,26091000000,11351000000,13135000000,-4119000000,-8556000000,3206000000,0.8631
22/02/2018,1.57E+11,3.6176,14.3356,0.015734,0.069757,Q1-2018,11383060327,4661060327,0.237961,0.012525,0.301863,1.62,28.4609,3564000000,0.8691,0.541,0.27027,0.112576,-0.484758,0.3222,0.211678,0.11992,0.009643,7.1,55704000000,16815000000,97734000000,49509000000,26091000000,11351000000,13135000000,-4119000000,-8556000000,3206000000,0.8631
21/02/2018,1.56E+11,3.6111,14.3097,0.015763,0.069883,Q1-2018,11383060327,4661060327,0.237961,0.012525,0.301863,1.62,28.4609,3564000000,0.8691,0.541,0.27027,0.112576,-0.484758,0.3222,0.211678,0.11992,0.009643,7.1,55704000000,16815000000,97734000000,49509000000,26091000000,11351000000,13135000000,-4119000000,-8556000000,3206000000,0.8631
20/02/2018,1.58E+11,3.643,14.4364,0.015624,0.06927,Q1-2018,11383060327,4661060327,0.237961,0.012525,0.301863,1.62,28.4609,3564000000,0.8691,0.541,0.27027,0.112576,-0.484758,0.3222,0.211678,0.11992,0.009643,7.1,55704000000,16815000000,97734000000,49509000000,26091000000,11351000000,13135000000,-4119000000,-8556000000,3206000000,0.8631
16/02/2018,1.59E+11,3.6619,14.5113,0.015544,0.068912,Q1-2018,11383060327,4661060327,0.237961,0.012525,0.301863,1.62,28.4609,3564000000,0.8691,0.541,0.27027,0.112576,-0.484758,0.3222,0.211678,0.11992,0.009643,7.1,55704000000,16815000000,97734000000,49509000000,26091000000,11351000000,13135000000,-4119000000,-8556000000,3206000000,0.8631
15/02/2018,1.57E+11,3.6155,14.3274,0.015743,0.069796,Q1-2018,11383060327,4661060327,0.237961,0.012525,0.301863,1.62,28.4609,3564000000,0.8691,0.541,0.27027,0.112576,-0.484758,0.3222,0.211678,0.11992,0.009643,7.1,55704000000,16815000000,97734000000,49509000000,26091000000,11351000000,13135000000,-4119000000,-8556000000,3206000000,0.8631
14/02/2018,1.56E+11,3.5956,14.2484,0.015831,0.070183,Q1-2018,11383060327,4661060327,0.237961,0.012525,0.301863,1.62,28.4609,3564000000,0.8691,0.541,0.27027,0.112576,-0.484758,0.3222,0.211678,0.11992,0.009643,7.1,55704000000,16815000000,97734000000,49509000000,26091000000,11351000000,13135000000,-4119000000,-8556000000,3206000000,0.8631
13/02/2018,1.55E+11,3.5791,14.183,0.015904,0.070507,Q1-2018,11383060327,4661060327,0.237961,0.012525,0.301863,1.62,28.4609,3564000000,0.8691,0.541,0.27027,0.112576,-0.484758,0.3222,0.211678,0.11992,0.009643,7.1,55704000000,16815000000,97734000000,49509000000,26091000000,11351000000,13135000000,-4119000000,-8556000000,3206000000,0.8631
12/02/2018,1.54E+11,3.554,14.0835,0.016016,0.071005,Q1-2018,11383060327,4661060327,0.237961,0.012525,0.301863,1.62,28.4609,3564000000,0.8691,0.541,0.27027,0.112576,-0.484758,0.3222,0.211678,0.11992,0.009643,7.1,55704000000,16815000000,97734000000,49509000000,26091000000,11351000000,13135000000,-4119000000,-8556000000,3206000000,0.8631
09/02/2018,1.53E+11,3.5437,14.0427,0.016062,0.071211,Q1-2018,11383060327,4661060327,0.237961,0.012525,0.301863,1.62,28.4609,3564000000,0.8691,0.541,0.27027,0.112576,-0.484758,0.3222,0.211678,0.11992,0.009643,7.1,55704000000,16815000000,97734000000,49509000000,26091000000,11351000000,13135000000,-4119000000,-8556000000,3206000000,0.8631
08/02/2018,1.51E+11,3.4839,13.8057,0.016338,0.072434,Q1-2018,11383060327,4661060327,0.237961,0.012525,0.301863,1.62,28.4609,3564000000,0.8691,0.541,0.27027,0.112576,-0.484758,0.3222,0.211678,0.11992,0.009643,7.1,55704000000,16815000000,97734000000,49509000000,26091000000,11351000000,13135000000,-4119000000,-8556000000,3206000000,0.7438
07/02/2018,1.56E+11,3.6011,14.2702,0.015806,0.070076,Q1-2018,11383060327,4661060327,0.237961,0.012525,0.301863,1.62,28.4609,3564000000,0.8691,0.541,0.27027,0.112576,-0.484758,0.3222,0.211678,0.11992,0.009643,7.1,55704000000,16815000000,97734000000,49509000000,26091000000,11351000000,13135000000,-4119000000,-8556000000,3206000000,0.7438
06/02/2018,1.58E+11,3.6496,14.4622,0.015596,0.069146,Q1-2018,11383060327,4661060327,0.237961,0.012525,0.301863,1.62,28.4609,3564000000,0.8691,0.541,0.27027,0.112576,-0.484758,0.3222,0.211678,0.11992,0.009643,7.1,55704000000,16815000000,97734000000,49509000000,26091000000,11351000000,13135000000,-4119000000,-8556000000,3206000000,0.7438
05/02/2018,1.56E+11,3.599,14.262,0.015815,0.070116,Q1-2018,11383060327,4661060327,0.237961,0.012525,0.301863,1.62,28.4609,3564000000,0.8691,0.541,0.27027,0.112576,-0.484758,0.3222,0.211678,0.11992,0.009643,7.1,55704000000,16815000000,97734000000,49509000000,26091000000,11351000000,13135000000,-4119000000,-8556000000,3206000000,0.7438
02/02/2018,1.62E+11,3.7365,14.8069,0.015233,0.067536,Q1-2018,11383060327,4661060327,0.237961,0.012525,0.301863,1.62,28.4609,3564000000,0.8691,0.541,0.27027,0.112576,-0.484758,0.3222,0.211678,0.11992,0.009643,7.1,55704000000,16815000000,97734000000,49509000000,26091000000,11351000000,13135000000,-4119000000,-8556000000,3206000000,0.7438
01/02/2018,1.64E+11,3.7981,15.0507,0.014987,0.066442,Q1-2018,11383060327,4661060327,0.237961,0.012525,0.301863,1.62,28.4609,3564000000,0.8691,0.541,0.27027,0.112576,-0.484758,0.3222,0.211678,0.11992,0.009643,7.1,55704000000,16815000000,97734000000,49509000000,26091000000,11351000000,13135000000,-4119000000,-8556000000,3206000000,0.7438
31/01/2018,1.62E+11,3.7355,14.8028,0.015238,0.067555,Q1-2018,11383060327,4661060327,0.237961,0.012525,0.301863,1.62,28.4609,3564000000,0.8691,0.541,0.27027,0.112576,-0.484758,0.3222,0.211678,0.11992,0.009643,7.1,55704000000,16815000000,97734000000,49509000000,26091000000,11351000000,13135000000,-4119000000,-8556000000,3206000000,0.7438
30/01/2018,1.64E+11,3.785,14.9989,0.015038,0.066671,Q1-2018,11383060327,4661060327,0.237961,0.012525,0.301863,1.62,28.4609,3564000000,0.8691,0.541,0.27027,0.112576,-0.484758,0.3222,0.211678,0.11992,0.009643,7.1,55704000000,16815000000,97734000000,49509000000,26091000000,11351000000,13135000000,-4119000000,-8556000000,3206000000,0.7438
29/01/2018,1.66E+11,3.8341,15.1937,0.014846,0.065817,Q1-2018,11383060327,4661060327,0.237961,0.012525,0.301863,1.62,28.4609,3564000000,0.8691,0.541,0.27027,0.112576,-0.484758,0.3222,0.211678,0.11992,0.009643,7.1,55704000000,16815000000,97734000000,49509000000,26091000000,11351000000,13135000000,-4119000000,-8556000000,3206000000,0.7438
26/01/2018,1.67E+11,3.8565,15.2823,0.01476,0.065435,Q1-2018,11383060327,4661060327,0.237961,0.012525,0.301863,1.62,28.4609,3564000000,0.8691,0.541,0.27027,0.112576,-0.484758,0.3222,0.211678,0.11992,0.009643,7.1,55704000000,16815000000,97734000000,49509000000,26091000000,11351000000,13135000000,-4119000000,-8556000000,3206000000,0.7438
25/01/2018,1.65E+11,3.8001,15.0589,0.014979,0.066406,Q1-2018,11383060327,4661060327,0.237961,0.012525,0.301863,1.62,28.4609,3564000000,0.8691,0.541,0.27027,0.112576,-0.484758,0.3222,0.211678,0.11992,0.009643,7.1,55704000000,16815000000,97734000000,49509000000,26091000000,11351000000,13135000000,-4119000000,-8556000000,3206000000,0.7438
24/01/2018,1.64E+11,3.7984,15.0521,0.014985,0.066436,Q1-2018,11383060327,4661060327,0.237961,0.012525,0.301863,1.62,28.4609,3564000000,0.8691,0.541,0.27027,0.112576,-0.484758,0.3222,0.211678,0.11992,0.009643,7.1,55704000000,16815000000,97734000000,49509000000,26091000000,11351000000,13135000000,-4119000000,-8556000000,3206000000,0.7438
23/01/2018,1.64E+11,3.7953,15.0398,0.014998,0.06649,Q1-2018,11383060327,4661060327,0.237961,0.012525,0.301863,1.62,28.4609,3564000000,0.8691,0.541,0.27027,0.112576,-0.484758,0.3222,0.211678,0.11992,0.009643,7.1,55704000000,16815000000,97734000000,49509000000,26091000000,11351000000,13135000000,-4119000000,-8556000000,3206000000,0.7438
22/01/2018,1.65E+11,3.819,15.1338,0.014904,0.066077,Q1-2018,11383060327,4661060327,0.237961,0.012525,0.301863,1.62,28.4609,3564000000,0.8691,0.541,0.27027,0.112576,-0.484758,0.3222,0.211678,0.11992,0.009643,7.1,55704000000,16815000000,97734000000,49509000000,26091000000,11351000000,13135000000,-4119000000,-8556000000,3206000000,0.7438
19/01/2018,1.65E+11,3.8015,15.0643,0.014973,0.066382,Q1-2018,11383060327,4661060327,0.237961,0.012525,0.301863,1.62,28.4609,3564000000,0.8691,0.541,0.27027,0.112576,-0.484758,0.3222,0.211678,0.11992,0.009643,7.1,55704000000,16815000000,97734000000,49509000000,26091000000,11351000000,13135000000,-4119000000,-8556000000,3206000000,0.7438
18/01/2018,1.64E+11,3.7956,15.0412,0.014996,0.066484,Q1-2018,11383060327,4661060327,0.237961,0.012525,0.301863,1.62,28.4609,3564000000,0.8691,0.541,0.27027,0.112576,-0.484758,0.3222,0.211678,0.11992,0.009643,7.1,55704000000,16815000000,97734000000,49509000000,26091000000,11351000000,13135000000,-4119000000,-8556000000,3206000000,0.7438
17/01/2018,1.67E+11,3.8489,15.2523,0.014789,0.065564,Q1-2018,11383060327,4661060327,0.237961,0.012525,0.301863,1.62,28.4609,3564000000,0.8691,0.541,0.27027,0.112576,-0.484758,0.3222,0.211678,0.11992,0.009643,7.1,55704000000,16815000000,97734000000,49509000000,26091000000,11351000000,13135000000,-4119000000,-8556000000,3206000000,0.7438
16/01/2018,1.65E+11,3.8049,15.0779,0.01496,0.066322,Q1-2018,11383060327,4661060327,0.237961,0.012525,0.301863,1.62,28.4609,3564000000,0.8691,0.541,0.27027,0.112576,-0.484758,0.3222,0.211678,0.11992,0.009643,7.1,55704000000,16815000000,97734000000,49509000000,26091000000,11351000000,13135000000,-4119000000,-8556000000,3206000000,0.7438
12/01/2018,1.67E+11,3.8661,15.3204,0.014723,0.065272,Q1-2018,11383060327,4661060327,0.237961,0.012525,0.301863,1.62,28.4609,3564000000,0.8691,0.541,0.27027,0.112576,-0.484758,0.3222,0.211678,0.11992,0.009643,7.1,55704000000,16815000000,97734000000,49509000000,26091000000,11351000000,13135000000,-4119000000,-8556000000,3206000000,0.7438
11/01/2018,1.65E+11,3.8152,15.1188,0.014919,0.066143,Q1-2018,11383060327,4661060327,0.237961,0.012525,0.301863,1.62,28.4609,3564000000,0.8691,0.541,0.27027,0.112576,-0.484758,0.3222,0.211678,0.11992,0.009643,7.1,55704000000,16815000000,97734000000,49509000000,26091000000,11351000000,13135000000,-4119000000,-8556000000,3206000000,0.7438
10/01/2018,1.63E+11,3.763,14.9118,0.015126,0.067061,Q1-2018,11383060327,4661060327,0.237961,0.012525,0.301863,1.62,28.4609,3564000000,0.8691,0.541,0.27027,0.112576,-0.484758,0.3222,0.211678,0.11992,0.009643,7.1,55704000000,16815000000,97734000000,49509000000,26091000000,11351000000,13135000000,-4119000000,-8556000000,3206000000,1.5286
09/01/2018,1.64E+11,3.7791,14.9758,0.015062,0.066775,Q1-2018,11383060327,4661060327,0.237961,0.012525,0.301863,1.62,28.4609,3564000000,0.8691,0.541,0.27027,0.112576,-0.484758,0.3222,0.211678,0.11992,0.009643,7.1,55704000000,16815000000,97734000000,49509000000,26091000000,11351000000,13135000000,-4119000000,-8556000000,3206000000,1.5286
08/01/2018,1.64E+11,3.7819,14.9867,0.015051,0.066726,Q1-2018,11383060327,4661060327,0.237961,0.012525,0.301863,1.62,28.4609,3564000000,0.8691,0.541,0.27027,0.112576,-0.484758,0.3222,0.211678,0.11992,0.009643,7.1,55704000000,16815000000,97734000000,49509000000,26091000000,11351000000,13135000000,-4119000000,-8556000000,3206000000,1.5286
05/01/2018,1.66E+11,3.8369,15.2046,0.014835,0.065769,Q1-2018,11383060327,4661060327,0.237961,0.012525,0.301863,1.62,28.4609,3564000000,0.8691,0.541,0.27027,0.112576,-0.484758,0.3222,0.211678,0.11992,0.009643,7.1,55704000000,16815000000,97734000000,49509000000,26091000000,11351000000,13135000000,-4119000000,-8556000000,3206000000,1.5286
04/01/2018,1.67E+11,3.8579,15.2877,0.014754,0.065412,Q1-2018,11383060327,4661060327,0.237961,0.012525,0.301863,1.62,28.4609,3564000000,0.8691,0.541,0.27027,0.112576,-0.484758,0.3222,0.211678,0.11992,0.009643,7.1,55704000000,16815000000,97734000000,49509000000,26091000000,11351000000,13135000000,-4119000000,-8556000000,3206000000,1.5286
03/01/2018,1.67E+11,3.8596,15.2945,0.014748,0.065383,Q1-2018,11383060327,4661060327,0.237961,0.012525,0.301863,1.62,28.4609,3564000000,0.8691,0.541,0.27027,0.112576,-0.484758,0.3222,0.211678,0.11992,0.009643,7.1,55704000000,16815000000,97734000000,49509000000,26091000000,11351000000,13135000000,-4119000000,-8556000000,3206000000,1.5286
02/01/2018,1.66E+11,3.8431,15.2291,0.014811,0.065664,Q1-2018,11383060327,4661060327,0.237961,0.012525,0.301863,1.62,28.4609,3564000000,0.8691,0.541,0.27027,0.112576,-0.484758,0.3222,0.211678,0.11992,0.009643,7.1,55704000000,16815000000,97734000000,49509000000,26091000000,11351000000,13135000000,-4119000000,-8556000000,3206000000,1.5286
29/12/2017,1.66E+11,4.0173,18.4827,0.015402,0.054105,Q4-2017,9357169278,3736169278,0.200396,-0.005619,0.301703,1.56,26.1819,3623000000,0.8109,0.548,-0.006981,0.095917,-0.619824,0.314,-0.043309,0.099733,-0.008898,5.73,55137000000,16635000000,95789000000,49637000000,25291000000,9366000000,12343000000,-4111000000,-8959000000,3202000000,1.5286
28/12/2017,1.66E+11,4.027,18.5274,0.015365,0.053974,Q4-2017,9357169278,3736169278,0.200396,-0.005619,0.301703,1.56,26.1819,3623000000,0.8109,0.548,-0.006981,0.095917,-0.619824,0.314,-0.043309,0.099733,-0.008898,5.73,55137000000,16635000000,95789000000,49637000000,25291000000,9366000000,12343000000,-4111000000,-8959000000,3202000000,1.5286
27/12/2017,1.66E+11,4.0222,18.5051,0.015384,0.054039,Q4-2017,9357169278,3736169278,0.200396,-0.005619,0.301703,1.56,26.1819,3623000000,0.8109,0.548,-0.006981,0.095917,-0.619824,0.314,-0.043309,0.099733,-0.008898,5.73,55137000000,16635000000,95789000000,49637000000,25291000000,9366000000,12343000000,-4111000000,-8959000000,3202000000,1.5286
26/12/2017,1.67E+11,4.0401,18.5876,0.015315,0.053799,Q4-2017,9357169278,3736169278,0.200396,-0.005619,0.301703,1.56,26.1819,3623000000,0.8109,0.548,-0.006981,0.095917,-0.619824,0.314,-0.043309,0.099733,-0.008898,5.73,55137000000,16635000000,95789000000,49637000000,25291000000,9366000000,12343000000,-4111000000,-8959000000,3202000000,1.5286
22/12/2017,1.68E+11,4.0606,18.6821,0.015238,0.053527,Q4-2017,9357169278,3736169278,0.200396,-0.005619,0.301703,1.56,26.1819,3623000000,0.8109,0.548,-0.006981,0.095917,-0.619824,0.314,-0.043309,0.099733,-0.008898,5.73,55137000000,16635000000,95789000000,49637000000,25291000000,9366000000,12343000000,-4111000000,-8959000000,3202000000,1.5286
21/12/2017,1.69E+11,4.0943,18.8369,0.015113,0.053087,Q4-2017,9357169278,3736169278,0.200396,-0.005619,0.301703,1.56,26.1819,3623000000,0.8109,0.548,-0.006981,0.095917,-0.619824,0.314,-0.043309,0.099733,-0.008898,5.73,55137000000,16635000000,95789000000,49637000000,25291000000,9366000000,12343000000,-4111000000,-8959000000,3202000000,1.5286
20/12/2017,1.69E+11,4.0988,18.8575,0.015096,0.053029,Q4-2017,9357169278,3736169278,0.200396,-0.005619,0.301703,1.56,26.1819,3623000000,0.8109,0.548,-0.006981,0.095917,-0.619824,0.314,-0.043309,0.099733,-0.008898,5.73,55137000000,16635000000,95789000000,49637000000,25291000000,9366000000,12343000000,-4111000000,-8959000000,3202000000,1.5286
19/12/2017,1.73E+11,4.178,19.2219,0.01481,0.052024,Q4-2017,9357169278,3736169278,0.200396,-0.005619,0.301703,1.56,26.1819,3623000000,0.8109,0.548,-0.006981,0.095917,-0.619824,0.314,-0.043309,0.099733,-0.008898,5.73,55137000000,16635000000,95789000000,49637000000,25291000000,9366000000,12343000000,-4111000000,-8959000000,3202000000,1.5286
18/12/2017,1.71E+11,4.1488,19.0879,0.014914,0.052389,Q4-2017,9357169278,3736169278,0.200396,-0.005619,0.301703,1.56,26.1819,3623000000,0.8109,0.548,-0.006981,0.095917,-0.619824,0.314,-0.043309,0.099733,-0.008898,5.73,55137000000,16635000000,95789000000,49637000000,25291000000,9366000000,12343000000,-4111000000,-8959000000,3202000000,1.5286
15/12/2017,1.72E+11,4.1578,19.1291,0.014882,0.052276,Q4-2017,9357169278,3736169278,0.200396,-0.005619,0.301703,1.56,26.1819,3623000000,0.8109,0.548,-0.006981,0.095917,-0.619824,0.314,-0.043309,0.099733,-0.008898,5.73,55137000000,16635000000,95789000000,49637000000,25291000000,9366000000,12343000000,-4111000000,-8959000000,3202000000,1.5286
14/12/2017,1.71E+11,4.1316,19.0088,0.014976,0.052607,Q4-2017,9357169278,3736169278,0.200396,-0.005619,0.301703,1.56,26.1819,3623000000,0.8109,0.548,-0.006981,0.095917,-0.619824,0.314,-0.043309,0.099733,-0.008898,5.73,55137000000,16635000000,95789000000,49637000000,25291000000,9366000000,12343000000,-4111000000,-8959000000,3202000000,1.5286
13/12/2017,1.66E+11,4.021,18.4999,0.015388,0.054054,Q4-2017,9357169278,3736169278,0.200396,-0.005619,0.301703,1.56,26.1819,3623000000,0.8109,0.548,-0.006981,0.095917,-0.619824,0.314,-0.043309,0.099733,-0.008898,5.73,55137000000,16635000000,95789000000,49637000000,25291000000,9366000000,12343000000,-4111000000,-8959000000,3202000000,1.5286
12/12/2017,1.66E+11,4.0143,18.469,0.015414,0.054145,Q4-2017,9357169278,3736169278,0.200396,-0.005619,0.301703,1.56,26.1819,3623000000,0.8109,0.548,-0.006981,0.095917,-0.619824,0.314,-0.043309,0.099733,-0.008898,5.73,55137000000,16635000000,95789000000,49637000000,25291000000,9366000000,12343000000,-4111000000,-8959000000,3202000000,1.5286
11/12/2017,1.65E+11,3.9919,18.3658,0.0155,0.054449,Q4-2017,9357169278,3736169278,0.200396,-0.005619,0.301703,1.56,26.1819,3623000000,0.8109,0.548,-0.006981,0.095917,-0.619824,0.314,-0.043309,0.099733,-0.008898,5.73,55137000000,16635000000,95789000000,49637000000,25291000000,9366000000,12343000000,-4111000000,-8959000000,3202000000,1.5286
08/12/2017,1.61E+11,3.8947,17.9188,0.015887,0.055807,Q4-2017,9357169278,3736169278,0.200396,-0.005619,0.301703,1.56,26.1819,3623000000,0.8109,0.548,-0.006981,0.095917,-0.619824,0.314,-0.043309,0.099733,-0.008898,5.73,55137000000,16635000000,95789000000,49637000000,25291000000,9366000000,12343000000,-4111000000,-8959000000,3202000000,1.5286
07/12/2017,1.61E+11,3.9018,17.9515,0.022221,0.055706,Q4-2017,9357169278,3736169278,0.200396,-0.005619,0.301703,1.56,26.1819,3623000000,0.8109,0.548,-0.006981,0.095917,-0.619824,0.314,-0.043309,0.099733,-0.008898,5.73,55137000000,16635000000,95789000000,49637000000,25291000000,9366000000,12343000000,-4111000000,-8959000000,3202000000,2.0496
06/12/2017,1.62E+11,3.9092,17.9856,0.022178,0.0556,Q4-2017,9357169278,3736169278,0.200396,-0.005619,0.301703,1.56,26.1819,3623000000,0.8109,0.548,-0.006981,0.095917,-0.619824,0.314,-0.043309,0.099733,-0.008898,5.73,55137000000,16635000000,95789000000,49637000000,25291000000,9366000000,12343000000,-4111000000,-8959000000,3202000000,2.0496
05/12/2017,1.64E+11,3.9745,18.2858,0.021814,0.054687,Q4-2017,9357169278,3736169278,0.200396,-0.005619,0.301703,1.56,26.1819,3623000000,0.8109,0.548,-0.006981,0.095917,-0.619824,0.314,-0.043309,0.099733,-0.008898,5.73,55137000000,16635000000,95789000000,49637000000,25291000000,9366000000,12343000000,-4111000000,-8959000000,3202000000,2.0496
04/12/2017,1.69E+11,4.0857,18.7974,0.021221,0.053199,Q4-2017,9357169278,3736169278,0.200396,-0.005619,0.301703,1.56,26.1819,3623000000,0.8109,0.548,-0.006981,0.095917,-0.619824,0.314,-0.043309,0.099733,-0.008898,5.73,55137000000,16635000000,95789000000,49637000000,25291000000,9366000000,12343000000,-4111000000,-8959000000,3202000000,2.0496
01/12/2017,1.61E+11,3.9015,17.9498,0.022223,0.055711,Q4-2017,9357169278,3736169278,0.200396,-0.005619,0.301703,1.56,26.1819,3623000000,0.8109,0.548,-0.006981,0.095917,-0.619824,0.314,-0.043309,0.099733,-0.008898,5.73,55137000000,16635000000,95789000000,49637000000,25291000000,9366000000,12343000000,-4111000000,-8959000000,3202000000,2.0496
30/11/2017,1.61E+11,3.8855,17.8764,0.022314,0.05594,Q4-2017,9357169278,3736169278,0.200396,-0.005619,0.301703,1.56,26.1819,3623000000,0.8109,0.548,-0.006981,0.095917,-0.619824,0.314,-0.043309,0.099733,-0.008898,5.73,55137000000,16635000000,95789000000,49637000000,25291000000,9366000000,12343000000,-4111000000,-8959000000,3202000000,2.0496
29/11/2017,1.61E+11,3.9011,17.9481,0.022225,0.055716,Q4-2017,9357169278,3736169278,0.200396,-0.005619,0.301703,1.56,26.1819,3623000000,0.8109,0.548,-0.006981,0.095917,-0.619824,0.314,-0.043309,0.099733,-0.008898,5.73,55137000000,16635000000,95789000000,49637000000,25291000000,9366000000,12343000000,-4111000000,-8959000000,3202000000,2.0496
28/11/2017,1.58E+11,3.8333,17.636,0.022618,0.056702,Q4-2017,9357169278,3736169278,0.200396,-0.005619,0.301703,1.56,26.1819,3623000000,0.8109,0.548,-0.006981,0.095917,-0.619824,0.314,-0.043309,0.099733,-0.008898,5.73,55137000000,16635000000,95789000000,49637000000,25291000000,9366000000,12343000000,-4111000000,-8959000000,3202000000,2.0496
27/11/2017,1.57E+11,3.8103,17.5302,0.022755,0.057044,Q4-2017,9357169278,3736169278,0.200396,-0.005619,0.301703,1.56,26.1819,3623000000,0.8109,0.548,-0.006981,0.095917,-0.619824,0.314,-0.043309,0.099733,-0.008898,5.73,55137000000,16635000000,95789000000,49637000000,25291000000,9366000000,12343000000,-4111000000,-8959000000,3202000000,2.0496
24/11/2017,1.57E+11,3.8047,17.5047,0.022788,0.057128,Q4-2017,9357169278,3736169278,0.200396,-0.005619,0.301703,1.56,26.1819,3623000000,0.8109,0.548,-0.006981,0.095917,-0.619824,0.314,-0.043309,0.099733,-0.008898,5.73,55137000000,16635000000,95789000000,49637000000,25291000000,9366000000,12343000000,-4111000000,-8959000000,3202000000,2.0496
22/11/2017,1.57E+11,3.8084,17.5217,0.022766,0.057072,Q4-2017,9357169278,3736169278,0.200396,-0.005619,0.301703,1.56,26.1819,3623000000,0.8109,0.548,-0.006981,0.095917,-0.619824,0.314,-0.043309,0.099733,-0.008898,5.73,55137000000,16635000000,95789000000,49637000000,25291000000,9366000000,12343000000,-4111000000,-8959000000,3202000000,2.0496
21/11/2017,1.58E+11,3.8181,17.5661,0.022708,0.056928,Q4-2017,9357169278,3736169278,0.200396,-0.005619,0.301703,1.56,26.1819,3623000000,0.8109,0.548,-0.006981,0.095917,-0.619824,0.314,-0.043309,0.099733,-0.008898,5.73,55137000000,16635000000,95789000000,49637000000,25291000000,9366000000,12343000000,-4111000000,-8959000000,3202000000,2.0496
20/11/2017,1.57E+11,3.8088,17.5234,0.022763,0.057066,Q4-2017,9357169278,3736169278,0.200396,-0.005619,0.301703,1.56,26.1819,3623000000,0.8109,0.548,-0.006981,0.095917,-0.619824,0.314,-0.043309,0.099733,-0.008898,5.73,55137000000,16635000000,95789000000,49637000000,25291000000,9366000000,12343000000,-4111000000,-8959000000,3202000000,2.0496
17/11/2017,1.58E+11,3.8344,17.6411,0.022612,0.056686,Q4-2017,9357169278,3736169278,0.200396,-0.005619,0.301703,1.56,26.1819,3623000000,0.8109,0.548,-0.006981,0.095917,-0.619824,0.314,-0.043309,0.099733,-0.008898,5.73,55137000000,16635000000,95789000000,49637000000,25291000000,9366000000,12343000000,-4111000000,-8959000000,3202000000,2.0496
16/11/2017,1.59E+11,3.8403,17.6684,0.022577,0.056598,Q4-2017,9357169278,3736169278,0.200396,-0.005619,0.301703,1.56,26.1819,3623000000,0.8109,0.548,-0.006981,0.095917,-0.619824,0.314,-0.043309,0.099733,-0.008898,5.73,55137000000,16635000000,95789000000,49637000000,25291000000,9366000000,12343000000,-4111000000,-8959000000,3202000000,2.0496
15/11/2017,1.59E+11,3.8436,17.6837,0.022557,0.056549,Q4-2017,9357169278,3736169278,0.200396,-0.005619,0.301703,1.56,26.1819,3623000000,0.8109,0.548,-0.006981,0.095917,-0.619824,0.314,-0.043309,0.099733,-0.008898,5.73,55137000000,16635000000,95789000000,49637000000,25291000000,9366000000,12343000000,-4111000000,-8959000000,3202000000,2.0496
14/11/2017,1.58E+11,3.8244,17.595,0.022671,0.056834,Q4-2017,9357169278,3736169278,0.200396,-0.005619,0.301703,1.56,26.1819,3623000000,0.8109,0.548,-0.006981,0.095917,-0.619824,0.314,-0.043309,0.099733,-0.008898,5.73,55137000000,16635000000,95789000000,49637000000,25291000000,9366000000,12343000000,-4111000000,-8959000000,3202000000,2.0496
13/11/2017,1.60E+11,3.8826,17.8628,0.022331,0.055982,Q4-2017,9357169278,3736169278,0.200396,-0.005619,0.301703,1.56,26.1819,3623000000,0.8109,0.548,-0.006981,0.095917,-0.619824,0.314,-0.043309,0.099733,-0.008898,5.73,55137000000,16635000000,95789000000,49637000000,25291000000,9366000000,12343000000,-4111000000,-8959000000,3202000000,2.0496
10/11/2017,1.60E+11,3.884,17.8696,0.022322,0.055961,Q4-2017,9357169278,3736169278,0.200396,-0.005619,0.301703,1.56,26.1819,3623000000,0.8109,0.548,-0.006981,0.095917,-0.619824,0.314,-0.043309,0.099733,-0.008898,5.73,55137000000,16635000000,95789000000,49637000000,25291000000,9366000000,12343000000,-4111000000,-8959000000,3202000000,2.0496
09/11/2017,1.57E+11,3.8062,17.5115,0.022779,0.057105,Q4-2017,9357169278,3736169278,0.200396,-0.005619,0.301703,1.56,26.1819,3623000000,0.8109,0.548,-0.006981,0.095917,-0.619824,0.314,-0.043309,0.099733,-0.008898,5.73,55137000000,16635000000,95789000000,49637000000,25291000000,9366000000,12343000000,-4111000000,-8959000000,3202000000,2.0496
08/11/2017,1.55E+11,3.7506,17.2557,0.023117,0.057952,Q4-2017,9357169278,3736169278,0.200396,-0.005619,0.301703,1.56,26.1819,3623000000,0.8109,0.548,-0.006981,0.095917,-0.619824,0.314,-0.043309,0.099733,-0.008898,5.73,55137000000,16635000000,95789000000,49637000000,25291000000,9366000000,12343000000,-4111000000,-8959000000,3202000000,2.0496
07/11/2017,1.56E+11,3.7665,17.329,0.023019,0.057707,Q4-2017,9357169278,3736169278,0.200396,-0.005619,0.301703,1.56,26.1819,3623000000,0.8109,0.548,-0.006981,0.095917,-0.619824,0.314,-0.043309,0.099733,-0.008898,5.73,55137000000,16635000000,95789000000,49637000000,25291000000,9366000000,12343000000,-4111000000,-8959000000,3202000000,2.0496
06/11/2017,1.54E+11,3.7306,17.1636,0.023241,0.058263,Q4-2017,9357169278,3736169278,0.200396,-0.005619,0.301703,1.56,26.1819,3623000000,0.8109,0.548,-0.006981,0.095917,-0.619824,0.314,-0.043309,0.099733,-0.008898,5.73,55137000000,16635000000,95789000000,49637000000,25291000000,9366000000,12343000000,-4111000000,-8959000000,3202000000,1.0971
03/11/2017,1.51E+11,3.6564,16.8225,0.023712,0.059444,Q4-2017,9357169278,3736169278,0.200396,-0.005619,0.301703,1.56,26.1819,3623000000,0.8109,0.548,-0.006981,0.095917,-0.619824,0.314,-0.043309,0.099733,-0.008898,5.73,55137000000,16635000000,95789000000,49637000000,25291000000,9366000000,12343000000,-4111000000,-8959000000,3202000000,1.0971
02/11/2017,1.51E+11,3.6457,16.773,0.023782,0.05962,Q4-2017,9357169278,3736169278,0.200396,-0.005619,0.301703,1.56,26.1819,3623000000,0.8109,0.548,-0.006981,0.095917,-0.619824,0.314,-0.043309,0.099733,-0.008898,5.73,55137000000,16635000000,95789000000,49637000000,25291000000,9366000000,12343000000,-4111000000,-8959000000,3202000000,1.0971
01/11/2017,1.52E+11,3.6709,16.889,0.023619,0.05921,Q4-2017,9357169278,3736169278,0.200396,-0.005619,0.301703,1.56,26.1819,3623000000,0.8109,0.548,-0.006981,0.095917,-0.619824,0.314,-0.043309,0.099733,-0.008898,5.73,55137000000,16635000000,95789000000,49637000000,25291000000,9366000000,12343000000,-4111000000,-8959000000,3202000000,1.0971
31/10/2017,1.50E+11,3.6257,16.6809,0.023913,0.059949,Q4-2017,9357169278,3736169278,0.200396,-0.005619,0.301703,1.56,26.1819,3623000000,0.8109,0.548,-0.006981,0.095917,-0.619824,0.314,-0.043309,0.099733,-0.008898,5.73,55137000000,16635000000,95789000000,49637000000,25291000000,9366000000,12343000000,-4111000000,-8959000000,3202000000,1.0971
30/10/2017,1.50E+11,3.6342,16.7202,0.023857,0.059808,Q4-2017,9357169278,3736169278,0.200396,-0.005619,0.301703,1.56,26.1819,3623000000,0.8109,0.548,-0.006981,0.095917,-0.619824,0.314,-0.043309,0.099733,-0.008898,5.73,55137000000,16635000000,95789000000,49637000000,25291000000,9366000000,12343000000,-4111000000,-8959000000,3202000000,1.0971
27/10/2017,1.51E+11,3.6442,16.7662,0.023791,0.059644,Q4-2017,9357169278,3736169278,0.200396,-0.005619,0.301703,1.56,26.1819,3623000000,0.8109,0.548,-0.006981,0.095917,-0.619824,0.314,-0.043309,0.099733,-0.008898,5.73,55137000000,16635000000,95789000000,49637000000,25291000000,9366000000,12343000000,-4111000000,-8959000000,3202000000,1.0971
26/10/2017,1.51E+11,3.6535,16.8088,0.023731,0.059493,Q4-2017,9357169278,3736169278,0.200396,-0.005619,0.301703,1.56,26.1819,3623000000,0.8109,0.548,-0.006981,0.095917,-0.619824,0.314,-0.043309,0.099733,-0.008898,5.73,55137000000,16635000000,95789000000,49637000000,25291000000,9366000000,12343000000,-4111000000,-8959000000,3202000000,1.0971
25/10/2017,1.50E+11,3.6253,16.6792,0.023916,0.059955,Q4-2017,9357169278,3736169278,0.200396,-0.005619,0.301703,1.56,26.1819,3623000000,0.8109,0.548,-0.006981,0.095917,-0.619824,0.314,-0.043309,0.099733,-0.008898,5.73,55137000000,16635000000,95789000000,49637000000,25291000000,9366000000,12343000000,-4111000000,-8959000000,3202000000,1.0971
24/10/2017,1.51E+11,3.6435,16.7628,0.023796,0.059656,Q4-2017,9357169278,3736169278,0.200396,-0.005619,0.301703,1.56,26.1819,3623000000,0.8109,0.548,-0.006981,0.095917,-0.619824,0.314,-0.043309,0.099733,-0.008898,5.73,55137000000,16635000000,95789000000,49637000000,25291000000,9366000000,12343000000,-4111000000,-8959000000,3202000000,1.0971
23/10/2017,1.51E+11,3.6587,16.8327,0.023697,0.059408,Q4-2017,9357169278,3736169278,0.200396,-0.005619,0.301703,1.56,26.1819,3623000000,0.8109,0.548,-0.006981,0.095917,-0.619824,0.314,-0.043309,0.099733,-0.008898,5.73,55137000000,16635000000,95789000000,49637000000,25291000000,9366000000,12343000000,-4111000000,-8959000000,3202000000,1.0971
20/10/2017,1.52E+11,3.6846,16.9521,0.023531,0.05899,Q4-2017,9357169278,3736169278,0.200396,-0.005619,0.301703,1.56,26.1819,3623000000,0.8109,0.548,-0.006981,0.095917,-0.619824,0.314,-0.043309,0.099733,-0.008898,5.73,55137000000,16635000000,95789000000,49637000000,25291000000,9366000000,12343000000,-4111000000,-8959000000,3202000000,1.0971
19/10/2017,1.52E+11,3.6702,16.8856,0.023623,0.059222,Q4-2017,9357169278,3736169278,0.200396,-0.005619,0.301703,1.56,26.1819,3623000000,0.8109,0.548,-0.006981,0.095917,-0.619824,0.314,-0.043309,0.099733,-0.008898,5.73,55137000000,16635000000,95789000000,49637000000,25291000000,9366000000,12343000000,-4111000000,-8959000000,3202000000,1.0971
18/10/2017,1.50E+11,3.642,16.756,0.023806,0.05968,Q4-2017,9357169278,3736169278,0.200396,-0.005619,0.301703,1.56,26.1819,3623000000,0.8109,0.548,-0.006981,0.095917,-0.619824,0.314,-0.043309,0.099733,-0.008898,5.73,55137000000,16635000000,95789000000,49637000000,25291000000,9366000000,12343000000,-4111000000,-8959000000,3202000000,1.0971
17/10/2017,1.51E+11,3.6461,16.7747,0.023779,0.059613,Q4-2017,9357169278,3736169278,0.200396,-0.005619,0.301703,1.56,26.1819,3623000000,0.8109,0.548,-0.006981,0.095917,-0.619824,0.314,-0.043309,0.099733,-0.008898,5.73,55137000000,16635000000,95789000000,49637000000,25291000000,9366000000,12343000000,-4111000000,-8959000000,3202000000,1.0971
16/10/2017,1.50E+11,3.6375,16.7355,0.023835,0.059753,Q4-2017,9357169278,3736169278,0.200396,-0.005619,0.301703,1.56,26.1819,3623000000,0.8109,0.548,-0.006981,0.095917,-0.619824,0.314,-0.043309,0.099733,-0.008898,5.73,55137000000,16635000000,95789000000,49637000000,25291000000,9366000000,12343000000,-4111000000,-8959000000,3202000000,1.0971
13/10/2017,1.49E+11,3.6097,16.6076,0.024019,0.060213,Q4-2017,9357169278,3736169278,0.200396,-0.005619,0.301703,1.56,26.1819,3623000000,0.8109,0.548,-0.006981,0.095917,-0.619824,0.314,-0.043309,0.099733,-0.008898,5.73,55137000000,16635000000,95789000000,49637000000,25291000000,9366000000,12343000000,-4111000000,-8959000000,3202000000,1.0971
12/10/2017,1.48E+11,3.5931,16.5309,0.02413,0.060493,Q4-2017,9357169278,3736169278,0.200396,-0.005619,0.301703,1.56,26.1819,3623000000,0.8109,0.548,-0.006981,0.095917,-0.619824,0.314,-0.043309,0.099733,-0.008898,5.73,55137000000,16635000000,95789000000,49637000000,25291000000,9366000000,12343000000,-4111000000,-8959000000,3202000000,1.0971
11/10/2017,1.51E+11,3.6531,16.8071,0.023734,0.059499,Q4-2017,9357169278,3736169278,0.200396,-0.005619,0.301703,1.56,26.1819,3623000000,0.8109,0.548,-0.006981,0.095917,-0.619824,0.314,-0.043309,0.099733,-0.008898,5.73,55137000000,16635000000,95789000000,49637000000,25291000000,9366000000,12343000000,-4111000000,-8959000000,3202000000,1.0971
10/10/2017,1.53E+11,3.6913,16.9828,0.023488,0.058883,Q4-2017,9357169278,3736169278,0.200396,-0.005619,0.301703,1.56,26.1819,3623000000,0.8109,0.548,-0.006981,0.095917,-0.619824,0.314,-0.043309,0.099733,-0.008898,5.73,55137000000,16635000000,95789000000,49637000000,25291000000,9366000000,12343000000,-4111000000,-8959000000,3202000000,1.0971
09/10/2017,1.52E+11,3.6909,16.9811,0.02349,0.058889,Q4-2017,9357169278,3736169278,0.200396,-0.005619,0.301703,1.56,26.1819,3623000000,0.8109,0.548,-0.006981,0.095917,-0.619824,0.314,-0.043309,0.099733,-0.008898,5.73,55137000000,16635000000,95789000000,49637000000,25291000000,9366000000,12343000000,-4111000000,-8959000000,3202000000,1.0971
06/10/2017,1.53E+11,3.7095,17.0664,0.023373,0.058595,Q4-2017,9357169278,3736169278,0.200396,-0.005619,0.301703,1.56,26.1819,3623000000,0.8109,0.548,-0.006981,0.095917,-0.619824,0.314,-0.043309,0.099733,-0.008898,5.73,55137000000,16635000000,95789000000,49637000000,25291000000,9366000000,12343000000,-4111000000,-8959000000,3202000000,1.0971
05/10/2017,1.53E+11,3.7109,17.0732,0.023364,0.058571,Q4-2017,9357169278,3736169278,0.200396,-0.005619,0.301703,1.56,26.1819,3623000000,0.8109,0.548,-0.006981,0.095917,-0.619824,0.314,-0.043309,0.099733,-0.008898,5.73,55137000000,16635000000,95789000000,49637000000,25291000000,9366000000,12343000000,-4111000000,-8959000000,3202000000,1.2308
04/10/2017,1.54E+11,3.7272,17.1482,0.023261,0.058315,Q4-2017,9357169278,3736169278,0.200396,-0.005619,0.301703,1.56,26.1819,3623000000,0.8109,0.548,-0.006981,0.095917,-0.619824,0.314,-0.043309,0.099733,-0.008898,5.73,55137000000,16635000000,95789000000,49637000000,25291000000,9366000000,12343000000,-4111000000,-8959000000,3202000000,1.2308
03/10/2017,1.54E+11,3.7361,17.1892,0.023206,0.058176,Q4-2017,9357169278,3736169278,0.200396,-0.005619,0.301703,1.56,26.1819,3623000000,0.8109,0.548,-0.006981,0.095917,-0.619824,0.314,-0.043309,0.099733,-0.008898,5.73,55137000000,16635000000,95789000000,49637000000,25291000000,9366000000,12343000000,-4111000000,-8959000000,3202000000,1.2308
02/10/2017,1.53E+11,3.7017,17.0305,0.023422,0.058718,Q4-2017,9357169278,3736169278,0.200396,-0.005619,0.301703,1.56,26.1819,3623000000,0.8109,0.548,-0.006981,0.095917,-0.619824,0.314,-0.043309,0.099733,-0.008898,5.73,55137000000,16635000000,95789000000,49637000000,25291000000,9366000000,12343000000,-4111000000,-8959000000,3202000000,1.2308
29/09/2017,1.50E+11,3.5359,16.702,0.023729,0.059873,Q3-2017,9459540751,9830540751,0.199433,-0.014668,0.30018,1.56,27.0553,3810000000,1.0033,0.4818,0.017953,-0.00617,0.28562,0.2728,-0.025521,0.102283,-0.008964,5.69,55500000000,16660000000,92752000000,46701000000,22187000000,9393000000,12294000000,-4822000000,-8692000000,4141000000,1.2308
28/09/2017,1.50E+11,3.5172,16.6139,0.023855,0.060191,Q3-2017,9459540751,9830540751,0.199433,-0.014668,0.30018,1.56,27.0553,3810000000,1.0033,0.4818,0.017953,-0.00617,0.28562,0.2728,-0.025521,0.102283,-0.008964,5.69,55500000000,16660000000,92752000000,46701000000,22187000000,9393000000,12294000000,-4822000000,-8692000000,4141000000,1.2308
27/09/2017,1.51E+11,3.5599,16.8155,0.023569,0.059469,Q3-2017,9459540751,9830540751,0.199433,-0.014668,0.30018,1.56,27.0553,3810000000,1.0033,0.4818,0.017953,-0.00617,0.28562,0.2728,-0.025521,0.102283,-0.008964,5.69,55500000000,16660000000,92752000000,46701000000,22187000000,9393000000,12294000000,-4822000000,-8692000000,4141000000,1.2308
26/09/2017,1.50E+11,3.538,16.7122,0.023714,0.059837,Q3-2017,9459540751,9830540751,0.199433,-0.014668,0.30018,1.56,27.0553,3810000000,1.0033,0.4818,0.017953,-0.00617,0.28562,0.2728,-0.025521,0.102283,-0.008964,5.69,55500000000,16660000000,92752000000,46701000000,22187000000,9393000000,12294000000,-4822000000,-8692000000,4141000000,1.2308
25/09/2017,1.52E+11,3.5718,16.8714,0.02349,0.059272,Q3-2017,9459540751,9830540751,0.199433,-0.014668,0.30018,1.56,27.0553,3810000000,1.0033,0.4818,0.017953,-0.00617,0.28562,0.2728,-0.025521,0.102283,-0.008964,5.69,55500000000,16660000000,92752000000,46701000000,22187000000,9393000000,12294000000,-4822000000,-8692000000,4141000000,1.2308
22/09/2017,1.50E+11,3.537,16.7071,0.023722,0.059855,Q3-2017,9459540751,9830540751,0.199433,-0.014668,0.30018,1.56,27.0553,3810000000,1.0033,0.4818,0.017953,-0.00617,0.28562,0.2728,-0.025521,0.102283,-0.008964,5.69,55500000000,16660000000,92752000000,46701000000,22187000000,9393000000,12294000000,-4822000000,-8692000000,4141000000,1.2308
21/09/2017,1.51E+11,3.5474,16.7562,0.023652,0.059679,Q3-2017,9459540751,9830540751,0.199433,-0.014668,0.30018,1.56,27.0553,3810000000,1.0033,0.4818,0.017953,-0.00617,0.28562,0.2728,-0.025521,0.102283,-0.008964,5.69,55500000000,16660000000,92752000000,46701000000,22187000000,9393000000,12294000000,-4822000000,-8692000000,4141000000,1.2308
20/09/2017,1.51E+11,3.5588,16.8104,0.023576,0.059487,Q3-2017,9459540751,9830540751,0.199433,-0.014668,0.30018,1.56,27.0553,3810000000,1.0033,0.4818,0.017953,-0.00617,0.28562,0.2728,-0.025521,0.102283,-0.008964,5.69,55500000000,16660000000,92752000000,46701000000,22187000000,9393000000,12294000000,-4822000000,-8692000000,4141000000,1.2308
19/09/2017,1.50E+11,3.5309,16.6783,0.023762,0.059958,Q3-2017,9459540751,9830540751,0.199433,-0.014668,0.30018,1.56,27.0553,3810000000,1.0033,0.4818,0.017953,-0.00617,0.28562,0.2728,-0.025521,0.102283,-0.008964,5.69,55500000000,16660000000,92752000000,46701000000,22187000000,9393000000,12294000000,-4822000000,-8692000000,4141000000,1.2308
18/09/2017,1.50E+11,3.519,16.6224,0.023842,0.06016,Q3-2017,9459540751,9830540751,0.199433,-0.014668,0.30018,1.56,27.0553,3810000000,1.0033,0.4818,0.017953,-0.00617,0.28562,0.2728,-0.025521,0.102283,-0.008964,5.69,55500000000,16660000000,92752000000,46701000000,22187000000,9393000000,12294000000,-4822000000,-8692000000,4141000000,1.2308
15/09/2017,1.50E+11,3.5341,16.6935,0.023741,0.059903,Q3-2017,9459540751,9830540751,0.199433,-0.014668,0.30018,1.56,27.0553,3810000000,1.0033,0.4818,0.017953,-0.00617,0.28562,0.2728,-0.025521,0.102283,-0.008964,5.69,55500000000,16660000000,92752000000,46701000000,22187000000,9393000000,12294000000,-4822000000,-8692000000,4141000000,1.2308
14/09/2017,1.49E+11,3.5119,16.5885,0.023891,0.060283,Q3-2017,9459540751,9830540751,0.199433,-0.014668,0.30018,1.56,27.0553,3810000000,1.0033,0.4818,0.017953,-0.00617,0.28562,0.2728,-0.025521,0.102283,-0.008964,5.69,55500000000,16660000000,92752000000,46701000000,22187000000,9393000000,12294000000,-4822000000,-8692000000,4141000000,1.2308
13/09/2017,1.51E+11,3.5449,16.7443,0.023669,0.059722,Q3-2017,9459540751,9830540751,0.199433,-0.014668,0.30018,1.56,27.0553,3810000000,1.0033,0.4818,0.017953,-0.00617,0.28562,0.2728,-0.025521,0.102283,-0.008964,5.69,55500000000,16660000000,92752000000,46701000000,22187000000,9393000000,12294000000,-4822000000,-8692000000,4141000000,1.2308
12/09/2017,1.49E+11,3.5115,16.5868,0.023894,0.060289,Q3-2017,9459540751,9830540751,0.199433,-0.014668,0.30018,1.56,27.0553,3810000000,1.0033,0.4818,0.017953,-0.00617,0.28562,0.2728,-0.025521,0.102283,-0.008964,5.69,55500000000,16660000000,92752000000,46701000000,22187000000,9393000000,12294000000,-4822000000,-8692000000,4141000000,1.2308
11/09/2017,1.48E+11,3.4828,16.4512,0.02409,0.060786,Q3-2017,9459540751,9830540751,0.199433,-0.014668,0.30018,1.56,27.0553,3810000000,1.0033,0.4818,0.017953,-0.00617,0.28562,0.2728,-0.025521,0.102283,-0.008964,5.69,55500000000,16660000000,92752000000,46701000000,22187000000,9393000000,12294000000,-4822000000,-8692000000,4141000000,1.2308
08/09/2017,1.48E+11,3.4821,16.4478,0.024095,0.060798,Q3-2017,9459540751,9830540751,0.199433,-0.014668,0.30018,1.56,27.0553,3810000000,1.0033,0.4818,0.017953,-0.00617,0.28562,0.2728,-0.025521,0.102283,-0.008964,5.69,55500000000,16660000000,92752000000,46701000000,22187000000,9393000000,12294000000,-4822000000,-8692000000,4141000000,1.2308
07/09/2017,1.48E+11,3.4817,16.4461,0.024098,0.060805,Q3-2017,9459540751,9830540751,0.199433,-0.014668,0.30018,1.56,27.0553,3810000000,1.0033,0.4818,0.017953,-0.00617,0.28562,0.2728,-0.025521,0.102283,-0.008964,5.69,55500000000,16660000000,92752000000,46701000000,22187000000,9393000000,12294000000,-4822000000,-8692000000,4141000000,1.2308
06/09/2017,1.55E+11,3.641,17.1985,0.023044,0.058145,Q3-2017,9459540751,9830540751,0.199433,-0.014668,0.30018,1.56,27.0553,3810000000,1.0033,0.4818,0.017953,-0.00617,0.28562,0.2728,-0.025521,0.102283,-0.008964,5.69,55500000000,16660000000,92752000000,46701000000,22187000000,9393000000,12294000000,-4822000000,-8692000000,4141000000,1.3976
05/09/2017,1.55E+11,3.6446,17.2154,0.023021,0.058088,Q3-2017,9459540751,9830540751,0.199433,-0.014668,0.30018,1.56,27.0553,3810000000,1.0033,0.4818,0.017953,-0.00617,0.28562,0.2728,-0.025521,0.102283,-0.008964,5.69,55500000000,16660000000,92752000000,46701000000,22187000000,9393000000,12294000000,-4822000000,-8692000000,4141000000,1.3976
01/09/2017,1.55E+11,3.641,17.1985,0.023044,0.058145,Q3-2017,9459540751,9830540751,0.199433,-0.014668,0.30018,1.56,27.0553,3810000000,1.0033,0.4818,0.017953,-0.00617,0.28562,0.2728,-0.025521,0.102283,-0.008964,5.69,55500000000,16660000000,92752000000,46701000000,22187000000,9393000000,12294000000,-4822000000,-8692000000,4141000000,1.3976
31/08/2017,1.54E+11,3.6302,17.1476,0.023112,0.058317,Q3-2017,9459540751,9830540751,0.199433,-0.014668,0.30018,1.56,27.0553,3810000000,1.0033,0.4818,0.017953,-0.00617,0.28562,0.2728,-0.025521,0.102283,-0.008964,5.69,55500000000,16660000000,92752000000,46701000000,22187000000,9393000000,12294000000,-4822000000,-8692000000,4141000000,1.3976
30/08/2017,1.57E+11,3.6901,17.4306,0.022737,0.05737,Q3-2017,9459540751,9830540751,0.199433,-0.014668,0.30018,1.56,27.0553,3810000000,1.0033,0.4818,0.017953,-0.00617,0.28562,0.2728,-0.025521,0.102283,-0.008964,5.69,55500000000,16660000000,92752000000,46701000000,22187000000,9393000000,12294000000,-4822000000,-8692000000,4141000000,1.3976
29/08/2017,1.56E+11,3.6794,17.3798,0.022803,0.057538,Q3-2017,9459540751,9830540751,0.199433,-0.014668,0.30018,1.56,27.0553,3810000000,1.0033,0.4818,0.017953,-0.00617,0.28562,0.2728,-0.025521,0.102283,-0.008964,5.69,55500000000,16660000000,92752000000,46701000000,22187000000,9393000000,12294000000,-4822000000,-8692000000,4141000000,1.3976
28/08/2017,1.56E+11,3.679,17.3781,0.022806,0.057544,Q3-2017,9459540751,9830540751,0.199433,-0.014668,0.30018,1.56,27.0553,3810000000,1.0033,0.4818,0.017953,-0.00617,0.28562,0.2728,-0.025521,0.102283,-0.008964,5.69,55500000000,16660000000,92752000000,46701000000,22187000000,9393000000,12294000000,-4822000000,-8692000000,4141000000,1.3976
25/08/2017,1.56E+11,3.6736,17.3526,0.022839,0.057628,Q3-2017,9459540751,9830540751,0.199433,-0.014668,0.30018,1.56,27.0553,3810000000,1.0033,0.4818,0.017953,-0.00617,0.28562,0.2728,-0.025521,0.102283,-0.008964,5.69,55500000000,16660000000,92752000000,46701000000,22187000000,9393000000,12294000000,-4822000000,-8692000000,4141000000,1.3976
24/08/2017,1.55E+11,3.6417,17.2018,0.023039,0.058133,Q3-2017,9459540751,9830540751,0.199433,-0.014668,0.30018,1.56,27.0553,3810000000,1.0033,0.4818,0.017953,-0.00617,0.28562,0.2728,-0.025521,0.102283,-0.008964,5.69,55500000000,16660000000,92752000000,46701000000,22187000000,9393000000,12294000000,-4822000000,-8692000000,4141000000,1.3976
23/08/2017,1.55E+11,3.641,17.1985,0.023044,0.058145,Q3-2017,9459540751,9830540751,0.199433,-0.014668,0.30018,1.56,27.0553,3810000000,1.0033,0.4818,0.017953,-0.00617,0.28562,0.2728,-0.025521,0.102283,-0.008964,5.69,55500000000,16660000000,92752000000,46701000000,22187000000,9393000000,12294000000,-4822000000,-8692000000,4141000000,1.3976
22/08/2017,1.57E+11,3.6865,17.4136,0.022759,0.057426,Q3-2017,9459540751,9830540751,0.199433,-0.014668,0.30018,1.56,27.0553,3810000000,1.0033,0.4818,0.017953,-0.00617,0.28562,0.2728,-0.025521,0.102283,-0.008964,5.69,55500000000,16660000000,92752000000,46701000000,22187000000,9393000000,12294000000,-4822000000,-8692000000,4141000000,1.3976
21/08/2017,1.54E+11,3.6292,17.1425,0.023119,0.058334,Q3-2017,9459540751,9830540751,0.199433,-0.014668,0.30018,1.56,27.0553,3810000000,1.0033,0.4818,0.017953,-0.00617,0.28562,0.2728,-0.025521,0.102283,-0.008964,5.69,55500000000,16660000000,92752000000,46701000000,22187000000,9393000000,12294000000,-4822000000,-8692000000,4141000000,1.3976
18/08/2017,1.54E+11,3.6123,17.0629,0.023227,0.058607,Q3-2017,9459540751,9830540751,0.199433,-0.014668,0.30018,1.56,27.0553,3810000000,1.0033,0.4818,0.017953,-0.00617,0.28562,0.2728,-0.025521,0.102283,-0.008964,5.69,55500000000,16660000000,92752000000,46701000000,22187000000,9393000000,12294000000,-4822000000,-8692000000,4141000000,1.3976
17/08/2017,1.55E+11,3.6367,17.1781,0.023071,0.058214,Q3-2017,9459540751,9830540751,0.199433,-0.014668,0.30018,1.56,27.0553,3810000000,1.0033,0.4818,0.017953,-0.00617,0.28562,0.2728,-0.025521,0.102283,-0.008964,5.69,55500000000,16660000000,92752000000,46701000000,22187000000,9393000000,12294000000,-4822000000,-8692000000,4141000000,1.3976
16/08/2017,1.56E+11,3.6661,17.3171,0.022886,0.057747,Q3-2017,9459540751,9830540751,0.199433,-0.014668,0.30018,1.56,27.0553,3810000000,1.0033,0.4818,0.017953,-0.00617,0.28562,0.2728,-0.025521,0.102283,-0.008964,5.69,55500000000,16660000000,92752000000,46701000000,22187000000,9393000000,12294000000,-4822000000,-8692000000,4141000000,1.3976
15/08/2017,1.55E+11,3.6413,17.2002,0.023041,0.058139,Q3-2017,9459540751,9830540751,0.199433,-0.014668,0.30018,1.56,27.0553,3810000000,1.0033,0.4818,0.017953,-0.00617,0.28562,0.2728,-0.025521,0.102283,-0.008964,5.69,55500000000,16660000000,92752000000,46701000000,22187000000,9393000000,12294000000,-4822000000,-8692000000,4141000000,1.3976
14/08/2017,1.55E+11,3.6374,17.1815,0.023066,0.058202,Q3-2017,9459540751,9830540751,0.199433,-0.014668,0.30018,1.56,27.0553,3810000000,1.0033,0.4818,0.017953,-0.00617,0.28562,0.2728,-0.025521,0.102283,-0.008964,5.69,55500000000,16660000000,92752000000,46701000000,22187000000,9393000000,12294000000,-4822000000,-8692000000,4141000000,1.3976
11/08/2017,1.56E+11,3.6586,17.2815,0.022933,0.057865,Q3-2017,9459540751,9830540751,0.199433,-0.014668,0.30018,1.56,27.0553,3810000000,1.0033,0.4818,0.017953,-0.00617,0.28562,0.2728,-0.025521,0.102283,-0.008964,5.69,55500000000,16660000000,92752000000,46701000000,22187000000,9393000000,12294000000,-4822000000,-8692000000,4141000000,1.3976
10/08/2017,1.55E+11,3.6356,17.173,0.023078,0.058231,Q3-2017,9459540751,9830540751,0.199433,-0.014668,0.30018,1.56,27.0553,3810000000,1.0033,0.4818,0.017953,-0.00617,0.28562,0.2728,-0.025521,0.102283,-0.008964,5.69,55500000000,16660000000,92752000000,46701000000,22187000000,9393000000,12294000000,-4822000000,-8692000000,4141000000,1.3976
09/08/2017,1.57E+11,3.6887,17.4238,0.022746,0.057393,Q3-2017,9459540751,9830540751,0.199433,-0.014668,0.30018,1.56,27.0553,3810000000,1.0033,0.4818,0.017953,-0.00617,0.28562,0.2728,-0.025521,0.102283,-0.008964,5.69,55500000000,16660000000,92752000000,46701000000,22187000000,9393000000,12294000000,-4822000000,-8692000000,4141000000,1.3976
08/08/2017,1.63E+11,3.8376,18.127,0.021863,0.055166,Q3-2017,9459540751,9830540751,0.199433,-0.014668,0.30018,1.56,27.0553,3810000000,1.0033,0.4818,0.017953,-0.00617,0.28562,0.2728,-0.025521,0.102283,-0.008964,5.69,55500000000,16660000000,92752000000,46701000000,22187000000,9393000000,12294000000,-4822000000,-8692000000,4141000000,1.3976
07/08/2017,1.62E+11,3.815,18.0203,0.021993,0.055493,Q3-2017,9459540751,9830540751,0.199433,-0.014668,0.30018,1.56,27.0553,3810000000,1.0033,0.4818,0.017953,-0.00617,0.28562,0.2728,-0.025521,0.102283,-0.008964,5.69,55500000000,16660000000,92752000000,46701000000,22187000000,9393000000,12294000000,-4822000000,-8692000000,4141000000,1.3976
04/08/2017,1.64E+11,3.863,18.2473,0.021719,0.054803,Q3-2017,9459540751,9830540751,0.199433,-0.014668,0.30018,1.56,27.0553,3810000000,1.0033,0.4818,0.017953,-0.00617,0.28562,0.2728,-0.025521,0.102283,-0.008964,5.69,55500000000,16660000000,92752000000,46701000000,22187000000,9393000000,12294000000,-4822000000,-8692000000,4141000000,0.7287
03/08/2017,1.66E+11,3.9143,18.4896,0.021435,0.054084,Q3-2017,9459540751,9830540751,0.199433,-0.014668,0.30018,1.56,27.0553,3810000000,1.0033,0.4818,0.017953,-0.00617,0.28562,0.2728,-0.025521,0.102283,-0.008964,5.69,55500000000,16660000000,92752000000,46701000000,22187000000,9393000000,12294000000,-4822000000,-8692000000,4141000000,0.7287
02/08/2017,1.66E+11,3.8982,18.4134,0.021523,0.054308,Q3-2017,9459540751,9830540751,0.199433,-0.014668,0.30018,1.56,27.0553,3810000000,1.0033,0.4818,0.017953,-0.00617,0.28562,0.2728,-0.025521,0.102283,-0.008964,5.69,55500000000,16660000000,92752000000,46701000000,22187000000,9393000000,12294000000,-4822000000,-8692000000,4141000000,0.7287
01/08/2017,1.69E+11,3.9678,18.7421,0.021146,0.053356,Q3-2017,9459540751,9830540751,0.199433,-0.014668,0.30018,1.56,27.0553,3810000000,1.0033,0.4818,0.017953,-0.00617,0.28562,0.2728,-0.025521,0.102283,-0.008964,5.69,55500000000,16660000000,92752000000,46701000000,22187000000,9393000000,12294000000,-4822000000,-8692000000,4141000000,0.7287
31/07/2017,1.68E+11,3.9434,18.6269,0.021277,0.053686,Q3-2017,9459540751,9830540751,0.199433,-0.014668,0.30018,1.56,27.0553,3810000000,1.0033,0.4818,0.017953,-0.00617,0.28562,0.2728,-0.025521,0.102283,-0.008964,5.69,55500000000,16660000000,92752000000,46701000000,22187000000,9393000000,12294000000,-4822000000,-8692000000,4141000000,0.7287
28/07/2017,1.68E+11,3.9445,18.6319,0.021271,0.053671,Q3-2017,9459540751,9830540751,0.199433,-0.014668,0.30018,1.56,27.0553,3810000000,1.0033,0.4818,0.017953,-0.00617,0.28562,0.2728,-0.025521,0.102283,-0.008964,5.69,55500000000,16660000000,92752000000,46701000000,22187000000,9393000000,12294000000,-4822000000,-8692000000,4141000000,0.7287
27/07/2017,1.68E+11,3.9459,18.6387,0.021263,0.053652,Q3-2017,9459540751,9830540751,0.199433,-0.014668,0.30018,1.56,27.0553,3810000000,1.0033,0.4818,0.017953,-0.00617,0.28562,0.2728,-0.025521,0.102283,-0.008964,5.69,55500000000,16660000000,92752000000,46701000000,22187000000,9393000000,12294000000,-4822000000,-8692000000,4141000000,0.7287
26/07/2017,1.63E+11,3.8361,18.1202,0.021872,0.055187,Q3-2017,9459540751,9830540751,0.199433,-0.014668,0.30018,1.56,27.0553,3810000000,1.0033,0.4818,0.017953,-0.00617,0.28562,0.2728,-0.025521,0.102283,-0.008964,5.69,55500000000,16660000000,92752000000,46701000000,22187000000,9393000000,12294000000,-4822000000,-8692000000,4141000000,0.7287
25/07/2017,1.62E+11,3.8175,18.0321,0.021978,0.055457,Q3-2017,9459540751,9830540751,0.199433,-0.014668,0.30018,1.56,27.0553,3810000000,1.0033,0.4818,0.017953,-0.00617,0.28562,0.2728,-0.025521,0.102283,-0.008964,5.69,55500000000,16660000000,92752000000,46701000000,22187000000,9393000000,12294000000,-4822000000,-8692000000,4141000000,0.7287
24/07/2017,1.63E+11,3.8383,18.1304,0.021859,0.055156,Q3-2017,9459540751,9830540751,0.199433,-0.014668,0.30018,1.56,27.0553,3810000000,1.0033,0.4818,0.017953,-0.00617,0.28562,0.2728,-0.025521,0.102283,-0.008964,5.69,55500000000,16660000000,92752000000,46701000000,22187000000,9393000000,12294000000,-4822000000,-8692000000,4141000000,0.7287
21/07/2017,1.63E+11,3.8415,18.1456,0.021841,0.05511,Q3-2017,9459540751,9830540751,0.199433,-0.014668,0.30018,1.56,27.0553,3810000000,1.0033,0.4818,0.017953,-0.00617,0.28562,0.2728,-0.025521,0.102283,-0.008964,5.69,55500000000,16660000000,92752000000,46701000000,22187000000,9393000000,12294000000,-4822000000,-8692000000,4141000000,0.7287
20/07/2017,1.64E+11,3.8512,18.1914,0.021786,0.054971,Q3-2017,9459540751,9830540751,0.199433,-0.014668,0.30018,1.56,27.0553,3810000000,1.0033,0.4818,0.017953,-0.00617,0.28562,0.2728,-0.025521,0.102283,-0.008964,5.69,55500000000,16660000000,92752000000,46701000000,22187000000,9393000000,12294000000,-4822000000,-8692000000,4141000000,0.7287
19/07/2017,1.63E+11,3.8318,18.0999,0.021896,0.055249,Q3-2017,9459540751,9830540751,0.199433,-0.014668,0.30018,1.56,27.0553,3810000000,1.0033,0.4818,0.017953,-0.00617,0.28562,0.2728,-0.025521,0.102283,-0.008964,5.69,55500000000,16660000000,92752000000,46701000000,22187000000,9393000000,12294000000,-4822000000,-8692000000,4141000000,0.7287
18/07/2017,1.61E+11,3.7934,17.9186,0.022118,0.055808,Q3-2017,9459540751,9830540751,0.199433,-0.014668,0.30018,1.56,27.0553,3810000000,1.0033,0.4818,0.017953,-0.00617,0.28562,0.2728,-0.025521,0.102283,-0.008964,5.69,55500000000,16660000000,92752000000,46701000000,22187000000,9393000000,12294000000,-4822000000,-8692000000,4141000000,0.7287
17/07/2017,1.60E+11,3.759,17.7559,0.02232,0.056319,Q3-2017,9459540751,9830540751,0.199433,-0.014668,0.30018,1.56,27.0553,3810000000,1.0033,0.4818,0.017953,-0.00617,0.28562,0.2728,-0.025521,0.102283,-0.008964,5.69,55500000000,16660000000,92752000000,46701000000,22187000000,9393000000,12294000000,-4822000000,-8692000000,4141000000,0.7287
14/07/2017,1.60E+11,3.7698,17.8068,0.022257,0.056158,Q3-2017,9459540751,9830540751,0.199433,-0.014668,0.30018,1.56,27.0553,3810000000,1.0033,0.4818,0.017953,-0.00617,0.28562,0.2728,-0.025521,0.102283,-0.008964,5.69,55500000000,16660000000,92752000000,46701000000,22187000000,9393000000,12294000000,-4822000000,-8692000000,4141000000,0.7287
13/07/2017,1.59E+11,3.7411,17.6712,0.022427,0.056589,Q3-2017,9459540751,9830540751,0.199433,-0.014668,0.30018,1.56,27.0553,3810000000,1.0033,0.4818,0.017953,-0.00617,0.28562,0.2728,-0.025521,0.102283,-0.008964,5.69,55500000000,16660000000,92752000000,46701000000,22187000000,9393000000,12294000000,-4822000000,-8692000000,4141000000,0.7287
12/07/2017,1.59E+11,3.7443,17.6865,0.022408,0.05654,Q3-2017,9459540751,9830540751,0.199433,-0.014668,0.30018,1.56,27.0553,3810000000,1.0033,0.4818,0.017953,-0.00617,0.28562,0.2728,-0.025521,0.102283,-0.008964,5.69,55500000000,16660000000,92752000000,46701000000,22187000000,9393000000,12294000000,-4822000000,-8692000000,4141000000,0.7287
11/07/2017,1.58E+11,3.7249,17.595,0.022524,0.056834,Q3-2017,9459540751,9830540751,0.199433,-0.014668,0.30018,1.56,27.0553,3810000000,1.0033,0.4818,0.017953,-0.00617,0.28562,0.2728,-0.025521,0.102283,-0.008964,5.69,55500000000,16660000000,92752000000,46701000000,22187000000,9393000000,12294000000,-4822000000,-8692000000,4141000000,0.7287
10/07/2017,1.58E+11,3.716,17.5526,0.022579,0.056972,Q3-2017,9459540751,9830540751,0.199433,-0.014668,0.30018,1.56,27.0553,3810000000,1.0033,0.4818,0.017953,-0.00617,0.28562,0.2728,-0.025521,0.102283,-0.008964,5.69,55500000000,16660000000,92752000000,46701000000,22187000000,9393000000,12294000000,-4822000000,-8692000000,4141000000,0.7287
07/07/2017,1.58E+11,3.7063,17.5068,0.022638,0.057121,Q3-2017,9459540751,9830540751,0.199433,-0.014668,0.30018,1.56,27.0553,3810000000,1.0033,0.4818,0.017953,-0.00617,0.28562,0.2728,-0.025521,0.102283,-0.008964,5.69,55500000000,16660000000,92752000000,46701000000,22187000000,9393000000,12294000000,-4822000000,-8692000000,4141000000,0.7287
06/07/2017,1.58E+11,3.7074,17.5119,0.022631,0.057104,Q3-2017,9459540751,9830540751,0.199433,-0.014668,0.30018,1.56,27.0553,3810000000,1.0033,0.4818,0.017953,-0.00617,0.28562,0.2728,-0.025521,0.102283,-0.008964,5.69,55500000000,16660000000,92752000000,46701000000,22187000000,9393000000,12294000000,-4822000000,-8692000000,4141000000,0.7287
05/07/2017,1.60E+11,3.7612,17.7661,0.02162,0.056287,Q3-2017,9459540751,9830540751,0.199433,-0.014668,0.30018,1.56,27.0553,3810000000,1.0033,0.4818,0.017953,-0.00617,0.28562,0.2728,-0.025521,0.102283,-0.008964,5.69,55500000000,16660000000,92752000000,46701000000,22187000000,9393000000,12294000000,-4822000000,-8692000000,4141000000,0.7287
03/07/2017,1.63E+11,3.8263,18.0739,0.021251,0.055328,Q3-2017,9459540751,9830540751,0.199433,-0.014668,0.30018,1.56,27.0553,3810000000,1.0033,0.4818,0.017953,-0.00617,0.28562,0.2728,-0.025521,0.102283,-0.008964,5.69,55500000000,16660000000,92752000000,46701000000,22187000000,9393000000,12294000000,-4822000000,-8692000000,4141000000,0.7202
30/06/2017,1.63E+11,3.7194,17.634,0.021493,0.056709,Q2-2017,9529655915,9434655915,0.202168,0.033115,0.307262,1.49,27.5198,4140000000,0.9369,0.4581,0.058932,0.001561,0.447054,0.2787,0.006795,0.105794,0.013005,5.78,55539000000,17065000000,91807000000,44540000000,21653000000,9631000000,11824000000,-5110000000,-8065000000,4155000000,0.7202
29/06/2017,1.62E+11,3.7005,17.5443,0.021603,0.056998,Q2-2017,9529655915,9434655915,0.202168,0.033115,0.307262,1.49,27.5198,4140000000,0.9369,0.4581,0.058932,0.001561,0.447054,0.2787,0.006795,0.105794,0.013005,5.78,55539000000,17065000000,91807000000,44540000000,21653000000,9631000000,11824000000,-5110000000,-8065000000,4155000000,0.7202
28/06/2017,1.64E+11,3.7407,17.7352,0.021371,0.056385,Q2-2017,9529655915,9434655915,0.202168,0.033115,0.307262,1.49,27.5198,4140000000,0.9369,0.4581,0.058932,0.001561,0.447054,0.2787,0.006795,0.105794,0.013005,5.78,55539000000,17065000000,91807000000,44540000000,21653000000,9631000000,11824000000,-5110000000,-8065000000,4155000000,0.7202
27/06/2017,1.62E+11,3.69,17.4945,0.021665,0.057161,Q2-2017,9529655915,9434655915,0.202168,0.033115,0.307262,1.49,27.5198,4140000000,0.9369,0.4581,0.058932,0.001561,0.447054,0.2787,0.006795,0.105794,0.013005,5.78,55539000000,17065000000,91807000000,44540000000,21653000000,9631000000,11824000000,-5110000000,-8065000000,4155000000,0.7202
26/06/2017,1.62E+11,3.6956,17.5211,0.021632,0.057074,Q2-2017,9529655915,9434655915,0.202168,0.033115,0.307262,1.49,27.5198,4140000000,0.9369,0.4581,0.058932,0.001561,0.447054,0.2787,0.006795,0.105794,0.013005,5.78,55539000000,17065000000,91807000000,44540000000,21653000000,9631000000,11824000000,-5110000000,-8065000000,4155000000,0.7202
23/06/2017,1.60E+11,3.6532,17.3203,0.021883,0.057736,Q2-2017,9529655915,9434655915,0.202168,0.033115,0.307262,1.49,27.5198,4140000000,0.9369,0.4581,0.058932,0.001561,0.447054,0.2787,0.006795,0.105794,0.013005,5.78,55539000000,17065000000,91807000000,44540000000,21653000000,9631000000,11824000000,-5110000000,-8065000000,4155000000,0.7202
22/06/2017,1.60E+11,3.6483,17.297,0.021912,0.057813,Q2-2017,9529655915,9434655915,0.202168,0.033115,0.307262,1.49,27.5198,4140000000,0.9369,0.4581,0.058932,0.001561,0.447054,0.2787,0.006795,0.105794,0.013005,5.78,55539000000,17065000000,91807000000,44540000000,21653000000,9631000000,11824000000,-5110000000,-8065000000,4155000000,0.7202
21/06/2017,1.61E+11,3.6686,17.3933,0.021791,0.057493,Q2-2017,9529655915,9434655915,0.202168,0.033115,0.307262,1.49,27.5198,4140000000,0.9369,0.4581,0.058932,0.001561,0.447054,0.2787,0.006795,0.105794,0.013005,5.78,55539000000,17065000000,91807000000,44540000000,21653000000,9631000000,11824000000,-5110000000,-8065000000,4155000000,0.7202
20/06/2017,1.59E+11,3.6385,17.2506,0.021971,0.057969,Q2-2017,9529655915,9434655915,0.202168,0.033115,0.307262,1.49,27.5198,4140000000,0.9369,0.4581,0.058932,0.001561,0.447054,0.2787,0.006795,0.105794,0.013005,5.78,55539000000,17065000000,91807000000,44540000000,21653000000,9631000000,11824000000,-5110000000,-8065000000,4155000000,0.7202
19/06/2017,1.62E+11,3.6886,17.4879,0.021673,0.057182,Q2-2017,9529655915,9434655915,0.202168,0.033115,0.307262,1.49,27.5198,4140000000,0.9369,0.4581,0.058932,0.001561,0.447054,0.2787,0.006795,0.105794,0.013005,5.78,55539000000,17065000000,91807000000,44540000000,21653000000,9631000000,11824000000,-5110000000,-8065000000,4155000000,0.7202
16/06/2017,1.62E+11,3.6935,17.5111,0.021644,0.057107,Q2-2017,9529655915,9434655915,0.202168,0.033115,0.307262,1.49,27.5198,4140000000,0.9369,0.4581,0.058932,0.001561,0.447054,0.2787,0.006795,0.105794,0.013005,5.78,55539000000,17065000000,91807000000,44540000000,21653000000,9631000000,11824000000,-5110000000,-8065000000,4155000000,0.7202
15/06/2017,1.62E+11,3.7099,17.5891,0.021548,0.056853,Q2-2017,9529655915,9434655915,0.202168,0.033115,0.307262,1.49,27.5198,4140000000,0.9369,0.4581,0.058932,0.001561,0.447054,0.2787,0.006795,0.105794,0.013005,5.78,55539000000,17065000000,91807000000,44540000000,21653000000,9631000000,11824000000,-5110000000,-8065000000,4155000000,0.7202
14/06/2017,1.63E+11,3.7155,17.6157,0.021516,0.056768,Q2-2017,9529655915,9434655915,0.202168,0.033115,0.307262,1.49,27.5198,4140000000,0.9369,0.4581,0.058932,0.001561,0.447054,0.2787,0.006795,0.105794,0.013005,5.78,55539000000,17065000000,91807000000,44540000000,21653000000,9631000000,11824000000,-5110000000,-8065000000,4155000000,0.7202
13/06/2017,1.63E+11,3.7302,17.6854,0.021431,0.056544,Q2-2017,9529655915,9434655915,0.202168,0.033115,0.307262,1.49,27.5198,4140000000,0.9369,0.4581,0.058932,0.001561,0.447054,0.2787,0.006795,0.105794,0.013005,5.78,55539000000,17065000000,91807000000,44540000000,21653000000,9631000000,11824000000,-5110000000,-8065000000,4155000000,0.7202
12/06/2017,1.64E+11,3.747,17.7651,0.021335,0.05629,Q2-2017,9529655915,9434655915,0.202168,0.033115,0.307262,1.49,27.5198,4140000000,0.9369,0.4581,0.058932,0.001561,0.447054,0.2787,0.006795,0.105794,0.013005,5.78,55539000000,17065000000,91807000000,44540000000,21653000000,9631000000,11824000000,-5110000000,-8065000000,4155000000,0.7202
09/06/2017,1.62E+11,3.6973,17.5294,0.021622,0.057047,Q2-2017,9529655915,9434655915,0.202168,0.033115,0.307262,1.49,27.5198,4140000000,0.9369,0.4581,0.058932,0.001561,0.447054,0.2787,0.006795,0.105794,0.013005,5.78,55539000000,17065000000,91807000000,44540000000,21653000000,9631000000,11824000000,-5110000000,-8065000000,4155000000,0.7202
08/06/2017,1.60E+11,3.6518,17.3136,0.021891,0.057758,Q2-2017,9529655915,9434655915,0.202168,0.033115,0.307262,1.49,27.5198,4140000000,0.9369,0.4581,0.058932,0.001561,0.447054,0.2787,0.006795,0.105794,0.013005,5.78,55539000000,17065000000,91807000000,44540000000,21653000000,9631000000,11824000000,-5110000000,-8065000000,4155000000,0.7202
07/06/2017,1.62E+11,3.7078,17.5792,0.02156,0.056885,Q2-2017,9529655915,9434655915,0.202168,0.033115,0.307262,1.49,27.5198,4140000000,0.9369,0.4581,0.058932,0.001561,0.447054,0.2787,0.006795,0.105794,0.013005,5.78,55539000000,17065000000,91807000000,44540000000,21653000000,9631000000,11824000000,-5110000000,-8065000000,4155000000,0.7202
06/06/2017,1.62E+11,3.6931,17.5095,0.021646,0.057112,Q2-2017,9529655915,9434655915,0.202168,0.033115,0.307262,1.49,27.5198,4140000000,0.9369,0.4581,0.058932,0.001561,0.447054,0.2787,0.006795,0.105794,0.013005,5.78,55539000000,17065000000,91807000000,44540000000,21653000000,9631000000,11824000000,-5110000000,-8065000000,4155000000,0.7202
05/06/2017,1.63E+11,3.7288,17.6788,0.021439,0.056565,Q2-2017,9529655915,9434655915,0.202168,0.033115,0.307262,1.49,27.5198,4140000000,0.9369,0.4581,0.058932,0.001561,0.447054,0.2787,0.006795,0.105794,0.013005,5.78,55539000000,17065000000,91807000000,44540000000,21653000000,9631000000,11824000000,-5110000000,-8065000000,4155000000,0.7202
02/06/2017,1.64E+11,3.7519,17.7883,0.021307,0.056217,Q2-2017,9529655915,9434655915,0.202168,0.033115,0.307262,1.49,27.5198,4140000000,0.9369,0.4581,0.058932,0.001561,0.447054,0.2787,0.006795,0.105794,0.013005,5.78,55539000000,17065000000,91807000000,44540000000,21653000000,9631000000,11824000000,-5110000000,-8065000000,4155000000,0.6274
01/06/2017,1.66E+11,3.788,17.9593,0.021104,0.055682,Q2-2017,9529655915,9434655915,0.202168,0.033115,0.307262,1.49,27.5198,4140000000,0.9369,0.4581,0.058932,0.001561,0.447054,0.2787,0.006795,0.105794,0.013005,5.78,55539000000,17065000000,91807000000,44540000000,21653000000,9631000000,11824000000,-5110000000,-8065000000,4155000000,0.6274
31/05/2017,1.65E+11,3.7785,17.9144,0.021157,0.055821,Q2-2017,9529655915,9434655915,0.202168,0.033115,0.307262,1.49,27.5198,4140000000,0.9369,0.4581,0.058932,0.001561,0.447054,0.2787,0.006795,0.105794,0.013005,5.78,55539000000,17065000000,91807000000,44540000000,21653000000,9631000000,11824000000,-5110000000,-8065000000,4155000000,0.6274
30/05/2017,1.66E+11,3.7925,17.9808,0.021079,0.055615,Q2-2017,9529655915,9434655915,0.202168,0.033115,0.307262,1.49,27.5198,4140000000,0.9369,0.4581,0.058932,0.001561,0.447054,0.2787,0.006795,0.105794,0.013005,5.78,55539000000,17065000000,91807000000,44540000000,21653000000,9631000000,11824000000,-5110000000,-8065000000,4155000000,0.6274
26/05/2017,1.66E+11,3.795,17.9924,0.021065,0.055579,Q2-2017,9529655915,9434655915,0.202168,0.033115,0.307262,1.49,27.5198,4140000000,0.9369,0.4581,0.058932,0.001561,0.447054,0.2787,0.006795,0.105794,0.013005,5.78,55539000000,17065000000,91807000000,44540000000,21653000000,9631000000,11824000000,-5110000000,-8065000000,4155000000,0.6274
25/05/2017,1.64E+11,3.7551,17.8032,0.021289,0.05617,Q2-2017,9529655915,9434655915,0.202168,0.033115,0.307262,1.49,27.5198,4140000000,0.9369,0.4581,0.058932,0.001561,0.447054,0.2787,0.006795,0.105794,0.013005,5.78,55539000000,17065000000,91807000000,44540000000,21653000000,9631000000,11824000000,-5110000000,-8065000000,4155000000,0.6274
24/05/2017,1.65E+11,3.7705,17.8763,0.021202,0.05594,Q2-2017,9529655915,9434655915,0.202168,0.033115,0.307262,1.49,27.5198,4140000000,0.9369,0.4581,0.058932,0.001561,0.447054,0.2787,0.006795,0.105794,0.013005,5.78,55539000000,17065000000,91807000000,44540000000,21653000000,9631000000,11824000000,-5110000000,-8065000000,4155000000,0.6274
23/05/2017,1.64E+11,3.7463,17.7618,0.021339,0.056301,Q2-2017,9529655915,9434655915,0.202168,0.033115,0.307262,1.49,27.5198,4140000000,0.9369,0.4581,0.058932,0.001561,0.447054,0.2787,0.006795,0.105794,0.013005,5.78,55539000000,17065000000,91807000000,44540000000,21653000000,9631000000,11824000000,-5110000000,-8065000000,4155000000,0.6274
22/05/2017,1.65E+11,3.7677,17.863,0.021218,0.055982,Q2-2017,9529655915,9434655915,0.202168,0.033115,0.307262,1.49,27.5198,4140000000,0.9369,0.4581,0.058932,0.001561,0.447054,0.2787,0.006795,0.105794,0.013005,5.78,55539000000,17065000000,91807000000,44540000000,21653000000,9631000000,11824000000,-5110000000,-8065000000,4155000000,0.6274
19/05/2017,1.65E+11,3.7638,17.8447,0.02124,0.056039,Q2-2017,9529655915,9434655915,0.202168,0.033115,0.307262,1.49,27.5198,4140000000,0.9369,0.4581,0.058932,0.001561,0.447054,0.2787,0.006795,0.105794,0.013005,5.78,55539000000,17065000000,91807000000,44540000000,21653000000,9631000000,11824000000,-5110000000,-8065000000,4155000000,0.6274
18/05/2017,1.64E+11,3.7344,17.7053,0.021407,0.05648,Q2-2017,9529655915,9434655915,0.202168,0.033115,0.307262,1.49,27.5198,4140000000,0.9369,0.4581,0.058932,0.001561,0.447054,0.2787,0.006795,0.105794,0.013005,5.78,55539000000,17065000000,91807000000,44540000000,21653000000,9631000000,11824000000,-5110000000,-8065000000,4155000000,0.6274
17/05/2017,1.63E+11,3.7215,17.6439,0.021481,0.056677,Q2-2017,9529655915,9434655915,0.202168,0.033115,0.307262,1.49,27.5198,4140000000,0.9369,0.4581,0.058932,0.001561,0.447054,0.2787,0.006795,0.105794,0.013005,5.78,55539000000,17065000000,91807000000,44540000000,21653000000,9631000000,11824000000,-5110000000,-8065000000,4155000000,0.6274
16/05/2017,1.66E+11,3.7799,17.9211,0.021149,0.0558,Q2-2017,9529655915,9434655915,0.202168,0.033115,0.307262,1.49,27.5198,4140000000,0.9369,0.4581,0.058932,0.001561,0.447054,0.2787,0.006795,0.105794,0.013005,5.78,55539000000,17065000000,91807000000,44540000000,21653000000,9631000000,11824000000,-5110000000,-8065000000,4155000000,0.6274
15/05/2017,1.67E+11,3.8202,18.1119,0.020926,0.055212,Q2-2017,9529655915,9434655915,0.202168,0.033115,0.307262,1.49,27.5198,4140000000,0.9369,0.4581,0.058932,0.001561,0.447054,0.2787,0.006795,0.105794,0.013005,5.78,55539000000,17065000000,91807000000,44540000000,21653000000,9631000000,11824000000,-5110000000,-8065000000,4155000000,0.6274
12/05/2017,1.68E+11,3.8398,18.2049,0.020819,0.05493,Q2-2017,9529655915,9434655915,0.202168,0.033115,0.307262,1.49,27.5198,4140000000,0.9369,0.4581,0.058932,0.001561,0.447054,0.2787,0.006795,0.105794,0.013005,5.78,55539000000,17065000000,91807000000,44540000000,21653000000,9631000000,11824000000,-5110000000,-8065000000,4155000000,0.6274
11/05/2017,1.68E+11,3.836,18.1866,0.02084,0.054985,Q2-2017,9529655915,9434655915,0.202168,0.033115,0.307262,1.49,27.5198,4140000000,0.9369,0.4581,0.058932,0.001561,0.447054,0.2787,0.006795,0.105794,0.013005,5.78,55539000000,17065000000,91807000000,44540000000,21653000000,9631000000,11824000000,-5110000000,-8065000000,4155000000,0.6274
10/05/2017,1.68E+11,3.8388,18.1999,0.020825,0.054945,Q2-2017,9529655915,9434655915,0.202168,0.033115,0.307262,1.49,27.5198,4140000000,0.9369,0.4581,0.058932,0.001561,0.447054,0.2787,0.006795,0.105794,0.013005,5.78,55539000000,17065000000,91807000000,44540000000,21653000000,9631000000,11824000000,-5110000000,-8065000000,4155000000,0.6274
09/05/2017,1.72E+11,3.9231,18.5999,0.020377,0.053764,Q2-2017,9529655915,9434655915,0.202168,0.033115,0.307262,1.49,27.5198,4140000000,0.9369,0.4581,0.058932,0.001561,0.447054,0.2787,0.006795,0.105794,0.013005,5.78,55539000000,17065000000,91807000000,44540000000,21653000000,9631000000,11824000000,-5110000000,-8065000000,4155000000,0.6274
08/05/2017,1.71E+11,3.9004,18.492,0.020496,0.054077,Q2-2017,9529655915,9434655915,0.202168,0.033115,0.307262,1.49,27.5198,4140000000,0.9369,0.4581,0.058932,0.001561,0.447054,0.2787,0.006795,0.105794,0.013005,5.78,55539000000,17065000000,91807000000,44540000000,21653000000,9631000000,11824000000,-5110000000,-8065000000,4155000000,0.6274
05/05/2017,1.72E+11,3.9203,18.5866,0.020392,0.053802,Q2-2017,9529655915,9434655915,0.202168,0.033115,0.307262,1.49,27.5198,4140000000,0.9369,0.4581,0.058932,0.001561,0.447054,0.2787,0.006795,0.105794,0.013005,5.78,55539000000,17065000000,91807000000,44540000000,21653000000,9631000000,11824000000,-5110000000,-8065000000,4155000000,0.6274
04/05/2017,1.70E+11,3.8916,18.4505,0.020542,0.054199,Q2-2017,9529655915,9434655915,0.202168,0.033115,0.307262,1.49,27.5198,4140000000,0.9369,0.4581,0.058932,0.001561,0.447054,0.2787,0.006795,0.105794,0.013005,5.78,55539000000,17065000000,91807000000,44540000000,21653000000,9631000000,11824000000,-5110000000,-8065000000,4155000000,0.6274
03/05/2017,1.71E+11,3.9074,18.5252,0.020459,0.053981,Q2-2017,9529655915,9434655915,0.202168,0.033115,0.307262,1.49,27.5198,4140000000,0.9369,0.4581,0.058932,0.001561,0.447054,0.2787,0.006795,0.105794,0.013005,5.78,55539000000,17065000000,91807000000,44540000000,21653000000,9631000000,11824000000,-5110000000,-8065000000,4155000000,0.6274
02/05/2017,1.75E+11,4.0036,18.9816,0.019967,0.052683,Q2-2017,9529655915,9434655915,0.202168,0.033115,0.307262,1.49,27.5198,4140000000,0.9369,0.4581,0.058932,0.001561,0.447054,0.2787,0.006795,0.105794,0.013005,5.78,55539000000,17065000000,91807000000,44540000000,21653000000,9631000000,11824000000,-5110000000,-8065000000,4155000000,0.5216
01/05/2017,1.76E+11,4.0162,19.0414,0.019905,0.052517,Q2-2017,9529655915,9434655915,0.202168,0.033115,0.307262,1.49,27.5198,4140000000,0.9369,0.4581,0.058932,0.001561,0.447054,0.2787,0.006795,0.105794,0.013005,5.78,55539000000,17065000000,91807000000,44540000000,21653000000,9631000000,11824000000,-5110000000,-8065000000,4155000000,0.5216
28/04/2017,1.77E+11,4.0467,19.1857,0.019755,0.052122,Q2-2017,9529655915,9434655915,0.202168,0.033115,0.307262,1.49,27.5198,4140000000,0.9369,0.4581,0.058932,0.001561,0.447054,0.2787,0.006795,0.105794,0.013005,5.78,55539000000,17065000000,91807000000,44540000000,21653000000,9631000000,11824000000,-5110000000,-8065000000,4155000000,0.5216
27/04/2017,1.78E+11,4.0551,19.2256,0.019714,0.052014,Q2-2017,9529655915,9434655915,0.202168,0.033115,0.307262,1.49,27.5198,4140000000,0.9369,0.4581,0.058932,0.001561,0.447054,0.2787,0.006795,0.105794,0.013005,5.78,55539000000,17065000000,91807000000,44540000000,21653000000,9631000000,11824000000,-5110000000,-8065000000,4155000000,0.5216
26/04/2017,1.77E+11,4.046,19.1824,0.019758,0.052131,Q2-2017,9529655915,9434655915,0.202168,0.033115,0.307262,1.49,27.5198,4140000000,0.9369,0.4581,0.058932,0.001561,0.447054,0.2787,0.006795,0.105794,0.013005,5.78,55539000000,17065000000,91807000000,44540000000,21653000000,9631000000,11824000000,-5110000000,-8065000000,4155000000,0.5216
25/04/2017,1.77E+11,4.032,19.116,0.019827,0.052312,Q2-2017,9529655915,9434655915,0.202168,0.033115,0.307262,1.49,27.5198,4140000000,0.9369,0.4581,0.058932,0.001561,0.447054,0.2787,0.006795,0.105794,0.013005,5.78,55539000000,17065000000,91807000000,44540000000,21653000000,9631000000,11824000000,-5110000000,-8065000000,4155000000,0.5216
24/04/2017,1.74E+11,3.9802,18.8704,0.020085,0.052993,Q2-2017,9529655915,9434655915,0.202168,0.033115,0.307262,1.49,27.5198,4140000000,0.9369,0.4581,0.058932,0.001561,0.447054,0.2787,0.006795,0.105794,0.013005,5.78,55539000000,17065000000,91807000000,44540000000,21653000000,9631000000,11824000000,-5110000000,-8065000000,4155000000,0.5216
21/04/2017,1.75E+11,4.0061,18.9932,0.019955,0.05265,Q2-2017,9529655915,9434655915,0.202168,0.033115,0.307262,1.49,27.5198,4140000000,0.9369,0.4581,0.058932,0.001561,0.447054,0.2787,0.006795,0.105794,0.013005,5.78,55539000000,17065000000,91807000000,44540000000,21653000000,9631000000,11824000000,-5110000000,-8065000000,4155000000,0.5216
20/04/2017,1.76E+11,4.0183,19.0513,0.019894,0.05249,Q2-2017,9529655915,9434655915,0.202168,0.033115,0.307262,1.49,27.5198,4140000000,0.9369,0.4581,0.058932,0.001561,0.447054,0.2787,0.006795,0.105794,0.013005,5.78,55539000000,17065000000,91807000000,44540000000,21653000000,9631000000,11824000000,-5110000000,-8065000000,4155000000,0.5216
19/04/2017,1.74E+11,3.9812,18.8754,0.02008,0.052979,Q2-2017,9529655915,9434655915,0.202168,0.033115,0.307262,1.49,27.5198,4140000000,0.9369,0.4581,0.058932,0.001561,0.447054,0.2787,0.006795,0.105794,0.013005,5.78,55539000000,17065000000,91807000000,44540000000,21653000000,9631000000,11824000000,-5110000000,-8065000000,4155000000,0.5216
18/04/2017,1.75E+11,3.9973,18.9517,0.019999,0.052766,Q2-2017,9529655915,9434655915,0.202168,0.033115,0.307262,1.49,27.5198,4140000000,0.9369,0.4581,0.058932,0.001561,0.447054,0.2787,0.006795,0.105794,0.013005,5.78,55539000000,17065000000,91807000000,44540000000,21653000000,9631000000,11824000000,-5110000000,-8065000000,4155000000,0.5216
17/04/2017,1.74E+11,3.983,18.8837,0.020071,0.052956,Q2-2017,9529655915,9434655915,0.202168,0.033115,0.307262,1.49,27.5198,4140000000,0.9369,0.4581,0.058932,0.001561,0.447054,0.2787,0.006795,0.105794,0.013005,5.78,55539000000,17065000000,91807000000,44540000000,21653000000,9631000000,11824000000,-5110000000,-8065000000,4155000000,0.5216
13/04/2017,1.74E+11,3.9627,18.7874,0.020174,0.053227,Q2-2017,9529655915,9434655915,0.202168,0.033115,0.307262,1.49,27.5198,4140000000,0.9369,0.4581,0.058932,0.001561,0.447054,0.2787,0.006795,0.105794,0.013005,5.78,55539000000,17065000000,91807000000,44540000000,21653000000,9631000000,11824000000,-5110000000,-8065000000,4155000000,0.5216
12/04/2017,1.73E+11,3.9571,18.7609,0.020202,0.053302,Q2-2017,9529655915,9434655915,0.202168,0.033115,0.307262,1.49,27.5198,4140000000,0.9369,0.4581,0.058932,0.001561,0.447054,0.2787,0.006795,0.105794,0.013005,5.78,55539000000,17065000000,91807000000,44540000000,21653000000,9631000000,11824000000,-5110000000,-8065000000,4155000000,0.5216
11/04/2017,1.73E+11,3.9581,18.7658,0.020197,0.053288,Q2-2017,9529655915,9434655915,0.202168,0.033115,0.307262,1.49,27.5198,4140000000,0.9369,0.4581,0.058932,0.001561,0.447054,0.2787,0.006795,0.105794,0.013005,5.78,55539000000,17065000000,91807000000,44540000000,21653000000,9631000000,11824000000,-5110000000,-8065000000,4155000000,0.5216
10/04/2017,1.72E+11,3.9357,18.6596,0.020312,0.053592,Q2-2017,9529655915,9434655915,0.202168,0.033115,0.307262,1.49,27.5198,4140000000,0.9369,0.4581,0.058932,0.001561,0.447054,0.2787,0.006795,0.105794,0.013005,5.78,55539000000,17065000000,91807000000,44540000000,21653000000,9631000000,11824000000,-5110000000,-8065000000,4155000000,0.5216
07/04/2017,1.73E+11,3.941,18.6845,0.020285,0.05352,Q2-2017,9529655915,9434655915,0.202168,0.033115,0.307262,1.49,27.5198,4140000000,0.9369,0.4581,0.058932,0.001561,0.447054,0.2787,0.006795,0.105794,0.013005,5.78,55539000000,17065000000,91807000000,44540000000,21653000000,9631000000,11824000000,-5110000000,-8065000000,4155000000,0.5216
06/04/2017,1.73E+11,3.9574,18.7625,0.020201,0.053298,Q2-2017,9529655915,9434655915,0.202168,0.033115,0.307262,1.49,27.5198,4140000000,0.9369,0.4581,0.058932,0.001561,0.447054,0.2787,0.006795,0.105794,0.013005,5.78,55539000000,17065000000,91807000000,44540000000,21653000000,9631000000,11824000000,-5110000000,-8065000000,4155000000,0.5216
05/04/2017,1.73E+11,3.9557,18.7542,0.02021,0.053321,Q2-2017,9529655915,9434655915,0.202168,0.033115,0.307262,1.49,27.5198,4140000000,0.9369,0.4581,0.058932,0.001561,0.447054,0.2787,0.006795,0.105794,0.013005,5.78,55539000000,17065000000,91807000000,44540000000,21653000000,9631000000,11824000000,-5110000000,-8065000000,4155000000,0.5216
04/04/2017,1.73E+11,3.9571,18.7609,0.020202,0.053302,Q2-2017,9529655915,9434655915,0.202168,0.033115,0.307262,1.49,27.5198,4140000000,0.9369,0.4581,0.058932,0.001561,0.447054,0.2787,0.006795,0.105794,0.013005,5.78,55539000000,17065000000,91807000000,44540000000,21653000000,9631000000,11824000000,-5110000000,-8065000000,4155000000,0.5216
03/04/2017,1.74E+11,3.9627,18.7874,0.020174,0.053227,Q2-2017,9529655915,9434655915,0.202168,0.033115,0.307262,1.49,27.5198,4140000000,0.9369,0.4581,0.058932,0.001561,0.447054,0.2787,0.006795,0.105794,0.013005,5.78,55539000000,17065000000,91807000000,44540000000,21653000000,9631000000,11824000000,-5110000000,-8065000000,4155000000,0.5216
31/03/2017,1.75E+11,4.0524,19.4776,0.02014,0.051341,Q1-2017,9213347383,9046347383,0.196446,0.022599,0.301004,1.49,26.9557,4407000000,0.8627,0.4343,0.035448,0.002805,0.519081,0.2504,-0.01576,0.103117,0.015722,5.58,55172000000,16607000000,91576000000,44399000000,20490000000,9368000000,12125000000,-4995000000,-7645000000,4220000000,0.5216
30/03/2017,1.75E+11,4.0449,19.4416,0.020177,0.051436,Q1-2017,9213347383,9046347383,0.196446,0.022599,0.301004,1.49,26.9557,4407000000,0.8627,0.4343,0.035448,0.002805,0.519081,0.2504,-0.01576,0.103117,0.015722,5.58,55172000000,16607000000,91576000000,44399000000,20490000000,9368000000,12125000000,-4995000000,-7645000000,4220000000,0.5294
29/03/2017,1.74E+11,4.0217,19.3299,0.020294,0.051733,Q1-2017,9213347383,9046347383,0.196446,0.022599,0.301004,1.49,26.9557,4407000000,0.8627,0.4343,0.035448,0.002805,0.519081,0.2504,-0.01576,0.103117,0.015722,5.58,55172000000,16607000000,91576000000,44399000000,20490000000,9368000000,12125000000,-4995000000,-7645000000,4220000000,0.5294
28/03/2017,1.75E+11,4.0402,19.4192,0.020201,0.051495,Q1-2017,9213347383,9046347383,0.196446,0.022599,0.301004,1.49,26.9557,4407000000,0.8627,0.4343,0.035448,0.002805,0.519081,0.2504,-0.01576,0.103117,0.015722,5.58,55172000000,16607000000,91576000000,44399000000,20490000000,9368000000,12125000000,-4995000000,-7645000000,4220000000,0.5294
27/03/2017,1.74E+11,4.0163,19.3041,0.020321,0.051802,Q1-2017,9213347383,9046347383,0.196446,0.022599,0.301004,1.49,26.9557,4407000000,0.8627,0.4343,0.035448,0.002805,0.519081,0.2504,-0.01576,0.103117,0.015722,5.58,55172000000,16607000000,91576000000,44399000000,20490000000,9368000000,12125000000,-4995000000,-7645000000,4220000000,0.5294
24/03/2017,1.73E+11,4.0077,19.2629,0.020365,0.051913,Q1-2017,9213347383,9046347383,0.196446,0.022599,0.301004,1.49,26.9557,4407000000,0.8627,0.4343,0.035448,0.002805,0.519081,0.2504,-0.01576,0.103117,0.015722,5.58,55172000000,16607000000,91576000000,44399000000,20490000000,9368000000,12125000000,-4995000000,-7645000000,4220000000,0.5294
23/03/2017,1.73E+11,4.0113,19.2801,0.020346,0.051867,Q1-2017,9213347383,9046347383,0.196446,0.022599,0.301004,1.49,26.9557,4407000000,0.8627,0.4343,0.035448,0.002805,0.519081,0.2504,-0.01576,0.103117,0.015722,5.58,55172000000,16607000000,91576000000,44399000000,20490000000,9368000000,12125000000,-4995000000,-7645000000,4220000000,0.5294
22/03/2017,1.73E+11,4.0056,19.2526,0.020375,0.051941,Q1-2017,9213347383,9046347383,0.196446,0.022599,0.301004,1.49,26.9557,4407000000,0.8627,0.4343,0.035448,0.002805,0.519081,0.2504,-0.01576,0.103117,0.015722,5.58,55172000000,16607000000,91576000000,44399000000,20490000000,9368000000,12125000000,-4995000000,-7645000000,4220000000,0.5294
21/03/2017,1.73E+11,3.9938,19.1959,0.020436,0.052094,Q1-2017,9213347383,9046347383,0.196446,0.022599,0.301004,1.49,26.9557,4407000000,0.8627,0.4343,0.035448,0.002805,0.519081,0.2504,-0.01576,0.103117,0.015722,5.58,55172000000,16607000000,91576000000,44399000000,20490000000,9368000000,12125000000,-4995000000,-7645000000,4220000000,0.5294
20/03/2017,1.74E+11,4.0281,19.3608,0.020262,0.051651,Q1-2017,9213347383,9046347383,0.196446,0.022599,0.301004,1.49,26.9557,4407000000,0.8627,0.4343,0.035448,0.002805,0.519081,0.2504,-0.01576,0.103117,0.015722,5.58,55172000000,16607000000,91576000000,44399000000,20490000000,9368000000,12125000000,-4995000000,-7645000000,4220000000,0.5294
17/03/2017,1.73E+11,3.9941,19.1976,0.020434,0.05209,Q1-2017,9213347383,9046347383,0.196446,0.022599,0.301004,1.49,26.9557,4407000000,0.8627,0.4343,0.035448,0.002805,0.519081,0.2504,-0.01576,0.103117,0.015722,5.58,55172000000,16607000000,91576000000,44399000000,20490000000,9368000000,12125000000,-4995000000,-7645000000,4220000000,0.5294
16/03/2017,1.73E+11,3.9924,19.189,0.020443,0.052113,Q1-2017,9213347383,9046347383,0.196446,0.022599,0.301004,1.49,26.9557,4407000000,0.8627,0.4343,0.035448,0.002805,0.519081,0.2504,-0.01576,0.103117,0.015722,5.58,55172000000,16607000000,91576000000,44399000000,20490000000,9368000000,12125000000,-4995000000,-7645000000,4220000000,0.5294
15/03/2017,1.73E+11,3.9981,19.2165,0.020414,0.052039,Q1-2017,9213347383,9046347383,0.196446,0.022599,0.301004,1.49,26.9557,4407000000,0.8627,0.4343,0.035448,0.002805,0.519081,0.2504,-0.01576,0.103117,0.015722,5.58,55172000000,16607000000,91576000000,44399000000,20490000000,9368000000,12125000000,-4995000000,-7645000000,4220000000,0.5294
14/03/2017,1.73E+11,4.0138,19.2921,0.020334,0.051835,Q1-2017,9213347383,9046347383,0.196446,0.022599,0.301004,1.49,26.9557,4407000000,0.8627,0.4343,0.035448,0.002805,0.519081,0.2504,-0.01576,0.103117,0.015722,5.58,55172000000,16607000000,91576000000,44399000000,20490000000,9368000000,12125000000,-4995000000,-7645000000,4220000000,0.5294
13/03/2017,1.72E+11,3.9856,19.1564,0.020478,0.052202,Q1-2017,9213347383,9046347383,0.196446,0.022599,0.301004,1.49,26.9557,4407000000,0.8627,0.4343,0.035448,0.002805,0.519081,0.2504,-0.01576,0.103117,0.015722,5.58,55172000000,16607000000,91576000000,44399000000,20490000000,9368000000,12125000000,-4995000000,-7645000000,4220000000,0.5294
10/03/2017,1.71E+11,3.9641,19.0533,0.020589,0.052484,Q1-2017,9213347383,9046347383,0.196446,0.022599,0.301004,1.49,26.9557,4407000000,0.8627,0.4343,0.035448,0.002805,0.519081,0.2504,-0.01576,0.103117,0.015722,5.58,55172000000,16607000000,91576000000,44399000000,20490000000,9368000000,12125000000,-4995000000,-7645000000,4220000000,0.5294
09/03/2017,1.71E+11,3.968,19.0722,0.020568,0.052432,Q1-2017,9213347383,9046347383,0.196446,0.022599,0.301004,1.49,26.9557,4407000000,0.8627,0.4343,0.035448,0.002805,0.519081,0.2504,-0.01576,0.103117,0.015722,5.58,55172000000,16607000000,91576000000,44399000000,20490000000,9368000000,12125000000,-4995000000,-7645000000,4220000000,0.5294
08/03/2017,1.71E+11,3.9613,19.0396,0.020603,0.052522,Q1-2017,9213347383,9046347383,0.196446,0.022599,0.301004,1.49,26.9557,4407000000,0.8627,0.4343,0.035448,0.002805,0.519081,0.2504,-0.01576,0.103117,0.015722,5.58,55172000000,16607000000,91576000000,44399000000,20490000000,9368000000,12125000000,-4995000000,-7645000000,4220000000,0.5294
07/03/2017,1.71E+11,3.962,19.043,0.0206,0.052513,Q1-2017,9213347383,9046347383,0.196446,0.022599,0.301004,1.49,26.9557,4407000000,0.8627,0.4343,0.035448,0.002805,0.519081,0.2504,-0.01576,0.103117,0.015722,5.58,55172000000,16607000000,91576000000,44399000000,20490000000,9368000000,12125000000,-4995000000,-7645000000,4220000000,0.5294
06/03/2017,1.71E+11,3.9552,19.0104,0.020635,0.052603,Q1-2017,9213347383,9046347383,0.196446,0.022599,0.301004,1.49,26.9557,4407000000,0.8627,0.4343,0.035448,0.002805,0.519081,0.2504,-0.01576,0.103117,0.015722,5.58,55172000000,16607000000,91576000000,44399000000,20490000000,9368000000,12125000000,-4995000000,-7645000000,4220000000,0.5294
03/03/2017,1.72E+11,3.9756,19.1083,0.020529,0.052333,Q1-2017,9213347383,9046347383,0.196446,0.022599,0.301004,1.49,26.9557,4407000000,0.8627,0.4343,0.035448,0.002805,0.519081,0.2504,-0.01576,0.103117,0.015722,5.58,55172000000,16607000000,91576000000,44399000000,20490000000,9368000000,12125000000,-4995000000,-7645000000,4220000000,0.5294
02/03/2017,1.71E+11,3.9523,18.9967,0.02065,0.052641,Q1-2017,9213347383,9046347383,0.196446,0.022599,0.301004,1.49,26.9557,4407000000,0.8627,0.4343,0.035448,0.002805,0.519081,0.2504,-0.01576,0.103117,0.015722,5.58,55172000000,16607000000,91576000000,44399000000,20490000000,9368000000,12125000000,-4995000000,-7645000000,4220000000,0.5294
01/03/2017,1.71E+11,3.9684,19.074,0.020566,0.052428,Q1-2017,9213347383,9046347383,0.196446,0.022599,0.301004,1.49,26.9557,4407000000,0.8627,0.4343,0.035448,0.002805,0.519081,0.2504,-0.01576,0.103117,0.015722,5.58,55172000000,16607000000,91576000000,44399000000,20490000000,9368000000,12125000000,-4995000000,-7645000000,4220000000,0.6202
28/02/2017,1.70E+11,3.9345,18.9108,0.020744,0.05288,Q1-2017,9213347383,9046347383,0.196446,0.022599,0.301004,1.49,26.9557,4407000000,0.8627,0.4343,0.035448,0.002805,0.519081,0.2504,-0.01576,0.103117,0.015722,5.58,55172000000,16607000000,91576000000,44399000000,20490000000,9368000000,12125000000,-4995000000,-7645000000,4220000000,0.6202
27/02/2017,1.70E+11,3.9395,18.9348,0.020717,0.052813,Q1-2017,9213347383,9046347383,0.196446,0.022599,0.301004,1.49,26.9557,4407000000,0.8627,0.4343,0.035448,0.002805,0.519081,0.2504,-0.01576,0.103117,0.015722,5.58,55172000000,16607000000,91576000000,44399000000,20490000000,9368000000,12125000000,-4995000000,-7645000000,4220000000,0.6202
24/02/2017,1.70E+11,3.9427,18.9503,0.020701,0.05277,Q1-2017,9213347383,9046347383,0.196446,0.022599,0.301004,1.49,26.9557,4407000000,0.8627,0.4343,0.035448,0.002805,0.519081,0.2504,-0.01576,0.103117,0.015722,5.58,55172000000,16607000000,91576000000,44399000000,20490000000,9368000000,12125000000,-4995000000,-7645000000,4220000000,0.6202
23/02/2017,1.69E+11,3.9216,18.8489,0.020812,0.053053,Q1-2017,9213347383,9046347383,0.196446,0.022599,0.301004,1.49,26.9557,4407000000,0.8627,0.4343,0.035448,0.002805,0.519081,0.2504,-0.01576,0.103117,0.015722,5.58,55172000000,16607000000,91576000000,44399000000,20490000000,9368000000,12125000000,-4995000000,-7645000000,4220000000,0.6202
22/02/2017,1.70E+11,3.9355,18.9159,0.020738,0.052866,Q1-2017,9213347383,9046347383,0.196446,0.022599,0.301004,1.49,26.9557,4407000000,0.8627,0.4343,0.035448,0.002805,0.519081,0.2504,-0.01576,0.103117,0.015722,5.58,55172000000,16607000000,91576000000,44399000000,20490000000,9368000000,12125000000,-4995000000,-7645000000,4220000000,0.6202
21/02/2017,1.70E+11,3.9316,18.897,0.020759,0.052918,Q1-2017,9213347383,9046347383,0.196446,0.022599,0.301004,1.49,26.9557,4407000000,0.8627,0.4343,0.035448,0.002805,0.519081,0.2504,-0.01576,0.103117,0.015722,5.58,55172000000,16607000000,91576000000,44399000000,20490000000,9368000000,12125000000,-4995000000,-7645000000,4220000000,0.6202
17/02/2017,1.70E+11,3.9334,18.9056,0.020749,0.052894,Q1-2017,9213347383,9046347383,0.196446,0.022599,0.301004,1.49,26.9557,4407000000,0.8627,0.4343,0.035448,0.002805,0.519081,0.2504,-0.01576,0.103117,0.015722,5.58,55172000000,16607000000,91576000000,44399000000,20490000000,9368000000,12125000000,-4995000000,-7645000000,4220000000,0.6202
16/02/2017,1.71E+11,3.9566,19.0173,0.020628,0.052584,Q1-2017,9213347383,9046347383,0.196446,0.022599,0.301004,1.49,26.9557,4407000000,0.8627,0.4343,0.035448,0.002805,0.519081,0.2504,-0.01576,0.103117,0.015722,5.58,55172000000,16607000000,91576000000,44399000000,20490000000,9368000000,12125000000,-4995000000,-7645000000,4220000000,0.6202
15/02/2017,1.70E+11,3.9377,18.9262,0.020727,0.052837,Q1-2017,9213347383,9046347383,0.196446,0.022599,0.301004,1.49,26.9557,4407000000,0.8627,0.4343,0.035448,0.002805,0.519081,0.2504,-0.01576,0.103117,0.015722,5.58,55172000000,16607000000,91576000000,44399000000,20490000000,9368000000,12125000000,-4995000000,-7645000000,4220000000,0.6202
14/02/2017,1.70E+11,3.943,18.952,0.020699,0.052765,Q1-2017,9213347383,9046347383,0.196446,0.022599,0.301004,1.49,26.9557,4407000000,0.8627,0.4343,0.035448,0.002805,0.519081,0.2504,-0.01576,0.103117,0.015722,5.58,55172000000,16607000000,91576000000,44399000000,20490000000,9368000000,12125000000,-4995000000,-7645000000,4220000000,0.6202
13/02/2017,1.69E+11,3.9187,18.8352,0.020827,0.053092,Q1-2017,9213347383,9046347383,0.196446,0.022599,0.301004,1.49,26.9557,4407000000,0.8627,0.4343,0.035448,0.002805,0.519081,0.2504,-0.01576,0.103117,0.015722,5.58,55172000000,16607000000,91576000000,44399000000,20490000000,9368000000,12125000000,-4995000000,-7645000000,4220000000,0.6202
10/02/2017,1.69E+11,3.9048,18.7682,0.020901,0.053282,Q1-2017,9213347383,9046347383,0.196446,0.022599,0.301004,1.49,26.9557,4407000000,0.8627,0.4343,0.035448,0.002805,0.519081,0.2504,-0.01576,0.103117,0.015722,5.58,55172000000,16607000000,91576000000,44399000000,20490000000,9368000000,12125000000,-4995000000,-7645000000,4220000000,0.6202
09/02/2017,1.69E+11,3.913,18.8077,0.020857,0.05317,Q1-2017,9213347383,9046347383,0.196446,0.022599,0.301004,1.49,26.9557,4407000000,0.8627,0.4343,0.035448,0.002805,0.519081,0.2504,-0.01576,0.103117,0.015722,5.58,55172000000,16607000000,91576000000,44399000000,20490000000,9368000000,12125000000,-4995000000,-7645000000,4220000000,0.6202
08/02/2017,1.68E+11,3.8955,18.7235,0.020951,0.053409,Q1-2017,9213347383,9046347383,0.196446,0.022599,0.301004,1.49,26.9557,4407000000,0.8627,0.4343,0.035448,0.002805,0.519081,0.2504,-0.01576,0.103117,0.015722,5.58,55172000000,16607000000,91576000000,44399000000,20490000000,9368000000,12125000000,-4995000000,-7645000000,4220000000,0.6202
07/02/2017,1.68E+11,3.8955,18.7235,0.020951,0.053409,Q1-2017,9213347383,9046347383,0.196446,0.022599,0.301004,1.49,26.9557,4407000000,0.8627,0.4343,0.035448,0.002805,0.519081,0.2504,-0.01576,0.103117,0.015722,5.58,55172000000,16607000000,91576000000,44399000000,20490000000,9368000000,12125000000,-4995000000,-7645000000,4220000000,0.6202
06/02/2017,1.69E+11,3.9159,18.8214,0.020842,0.053131,Q1-2017,9213347383,9046347383,0.196446,0.022599,0.301004,1.49,26.9557,4407000000,0.8627,0.4343,0.035448,0.002805,0.519081,0.2504,-0.01576,0.103117,0.015722,5.58,55172000000,16607000000,91576000000,44399000000,20490000000,9368000000,12125000000,-4995000000,-7645000000,4220000000,0.6202
03/02/2017,1.70E+11,3.942,18.9468,0.020704,0.052779,Q1-2017,9213347383,9046347383,0.196446,0.022599,0.301004,1.49,26.9557,4407000000,0.8627,0.4343,0.035448,0.002805,0.519081,0.2504,-0.01576,0.103117,0.015722,5.58,55172000000,16607000000,91576000000,44399000000,20490000000,9368000000,12125000000,-4995000000,-7645000000,4220000000,0.6202
02/02/2017,1.71E+11,3.953,19.0001,0.020646,0.052631,Q1-2017,9213347383,9046347383,0.196446,0.022599,0.301004,1.49,26.9557,4407000000,0.8627,0.4343,0.035448,0.002805,0.519081,0.2504,-0.01576,0.103117,0.015722,5.58,55172000000,16607000000,91576000000,44399000000,20490000000,9368000000,12125000000,-4995000000,-7645000000,4220000000,0.6202
01/02/2017,1.72E+11,3.9777,19.1186,0.020518,0.052305,Q1-2017,9213347383,9046347383,0.196446,0.022599,0.301004,1.49,26.9557,4407000000,0.8627,0.4343,0.035448,0.002805,0.519081,0.2504,-0.01576,0.103117,0.015722,5.58,55172000000,16607000000,91576000000,44399000000,20490000000,9368000000,12125000000,-4995000000,-7645000000,4220000000,0.6202
31/01/2017,1.71E+11,3.9545,19.007,0.020639,0.052612,Q1-2017,9213347383,9046347383,0.196446,0.022599,0.301004,1.49,26.9557,4407000000,0.8627,0.4343,0.035448,0.002805,0.519081,0.2504,-0.01576,0.103117,0.015722,5.58,55172000000,16607000000,91576000000,44399000000,20490000000,9368000000,12125000000,-4995000000,-7645000000,4220000000,0.6202
30/01/2017,1.71E+11,3.9648,19.0568,0.020585,0.052475,Q1-2017,9213347383,9046347383,0.196446,0.022599,0.301004,1.49,26.9557,4407000000,0.8627,0.4343,0.035448,0.002805,0.519081,0.2504,-0.01576,0.103117,0.015722,5.58,55172000000,16607000000,91576000000,44399000000,20490000000,9368000000,12125000000,-4995000000,-7645000000,4220000000,0.6202
27/01/2017,1.69E+11,3.9062,18.7751,0.020894,0.053262,Q1-2017,9213347383,9046347383,0.196446,0.022599,0.301004,1.49,26.9557,4407000000,0.8627,0.4343,0.035448,0.002805,0.519081,0.2504,-0.01576,0.103117,0.015722,5.58,55172000000,16607000000,91576000000,44399000000,20490000000,9368000000,12125000000,-4995000000,-7645000000,4220000000,0.6202
26/01/2017,1.67E+11,3.8619,18.5621,0.021133,0.053873,Q1-2017,9213347383,9046347383,0.196446,0.022599,0.301004,1.49,26.9557,4407000000,0.8627,0.4343,0.035448,0.002805,0.519081,0.2504,-0.01576,0.103117,0.015722,5.58,55172000000,16607000000,91576000000,44399000000,20490000000,9368000000,12125000000,-4995000000,-7645000000,4220000000,1.1345
25/01/2017,1.67E+11,3.8612,18.5586,0.021137,0.053883,Q1-2017,9213347383,9046347383,0.196446,0.022599,0.301004,1.49,26.9557,4407000000,0.8627,0.4343,0.035448,0.002805,0.519081,0.2504,-0.01576,0.103117,0.015722,5.58,55172000000,16607000000,91576000000,44399000000,20490000000,9368000000,12125000000,-4995000000,-7645000000,4220000000,1.1345
24/01/2017,1.67E+11,3.8562,18.5346,0.021165,0.053953,Q1-2017,9213347383,9046347383,0.196446,0.022599,0.301004,1.49,26.9557,4407000000,0.8627,0.4343,0.035448,0.002805,0.519081,0.2504,-0.01576,0.103117,0.015722,5.58,55172000000,16607000000,91576000000,44399000000,20490000000,9368000000,12125000000,-4995000000,-7645000000,4220000000,1.1345
23/01/2017,1.65E+11,3.8283,18.4006,0.021319,0.054346,Q1-2017,9213347383,9046347383,0.196446,0.022599,0.301004,1.49,26.9557,4407000000,0.8627,0.4343,0.035448,0.002805,0.519081,0.2504,-0.01576,0.103117,0.015722,5.58,55172000000,16607000000,91576000000,44399000000,20490000000,9368000000,12125000000,-4995000000,-7645000000,4220000000,1.1345
20/01/2017,1.66E+11,3.8476,18.4934,0.021212,0.054073,Q1-2017,9213347383,9046347383,0.196446,0.022599,0.301004,1.49,26.9557,4407000000,0.8627,0.4343,0.035448,0.002805,0.519081,0.2504,-0.01576,0.103117,0.015722,5.58,55172000000,16607000000,91576000000,44399000000,20490000000,9368000000,12125000000,-4995000000,-7645000000,4220000000,1.1345
19/01/2017,1.66E+11,3.834,18.4281,0.021287,0.054265,Q1-2017,9213347383,9046347383,0.196446,0.022599,0.301004,1.49,26.9557,4407000000,0.8627,0.4343,0.035448,0.002805,0.519081,0.2504,-0.01576,0.103117,0.015722,5.58,55172000000,16607000000,91576000000,44399000000,20490000000,9368000000,12125000000,-4995000000,-7645000000,4220000000,1.1345
18/01/2017,1.67E+11,3.8655,18.5792,0.021114,0.053824,Q1-2017,9213347383,9046347383,0.196446,0.022599,0.301004,1.49,26.9557,4407000000,0.8627,0.4343,0.035448,0.002805,0.519081,0.2504,-0.01576,0.103117,0.015722,5.58,55172000000,16607000000,91576000000,44399000000,20490000000,9368000000,12125000000,-4995000000,-7645000000,4220000000,1.1345
17/01/2017,1.67E+11,3.8587,18.5466,0.021151,0.053918,Q1-2017,9213347383,9046347383,0.196446,0.022599,0.301004,1.49,26.9557,4407000000,0.8627,0.4343,0.035448,0.002805,0.519081,0.2504,-0.01576,0.103117,0.015722,5.58,55172000000,16607000000,91576000000,44399000000,20490000000,9368000000,12125000000,-4995000000,-7645000000,4220000000,1.1345
13/01/2017,1.67E+11,3.8619,18.5621,0.021133,0.053873,Q1-2017,9213347383,9046347383,0.196446,0.022599,0.301004,1.49,26.9557,4407000000,0.8627,0.4343,0.035448,0.002805,0.519081,0.2504,-0.01576,0.103117,0.015722,5.58,55172000000,16607000000,91576000000,44399000000,20490000000,9368000000,12125000000,-4995000000,-7645000000,4220000000,1.1345
12/01/2017,1.66E+11,3.843,18.471,0.021238,0.054139,Q1-2017,9213347383,9046347383,0.196446,0.022599,0.301004,1.49,26.9557,4407000000,0.8627,0.4343,0.035448,0.002805,0.519081,0.2504,-0.01576,0.103117,0.015722,5.58,55172000000,16607000000,91576000000,44399000000,20490000000,9368000000,12125000000,-4995000000,-7645000000,4220000000,1.1345
11/01/2017,1.69E+11,3.9112,18.7991,0.020867,0.053194,Q1-2017,9213347383,9046347383,0.196446,0.022599,0.301004,1.49,26.9557,4407000000,0.8627,0.4343,0.035448,0.002805,0.519081,0.2504,-0.01576,0.103117,0.015722,5.58,55172000000,16607000000,91576000000,44399000000,20490000000,9368000000,12125000000,-4995000000,-7645000000,4220000000,1.1345
10/01/2017,1.67E+11,3.8733,18.617,0.021071,0.053714,Q1-2017,9213347383,9046347383,0.196446,0.022599,0.301004,1.49,26.9557,4407000000,0.8627,0.4343,0.035448,0.002805,0.519081,0.2504,-0.01576,0.103117,0.015722,5.58,55172000000,16607000000,91576000000,44399000000,20490000000,9368000000,12125000000,-4995000000,-7645000000,4220000000,1.1345
09/01/2017,1.67E+11,3.8726,18.6136,0.021075,0.053724,Q1-2017,9213347383,9046347383,0.196446,0.022599,0.301004,1.49,26.9557,4407000000,0.8627,0.4343,0.035448,0.002805,0.519081,0.2504,-0.01576,0.103117,0.015722,5.58,55172000000,16607000000,91576000000,44399000000,20490000000,9368000000,12125000000,-4995000000,-7645000000,4220000000,1.1345
06/01/2017,1.68E+11,3.8948,18.7201,0.020955,0.053419,Q1-2017,9213347383,9046347383,0.196446,0.022599,0.301004,1.49,26.9557,4407000000,0.8627,0.4343,0.035448,0.002805,0.519081,0.2504,-0.01576,0.103117,0.015722,5.58,55172000000,16607000000,91576000000,44399000000,20490000000,9368000000,12125000000,-4995000000,-7645000000,4220000000,1.1345
05/01/2017,1.66E+11,3.8376,18.4453,0.021267,0.054214,Q1-2017,9213347383,9046347383,0.196446,0.022599,0.301004,1.49,26.9557,4407000000,0.8627,0.4343,0.035448,0.002805,0.519081,0.2504,-0.01576,0.103117,0.015722,5.58,55172000000,16607000000,91576000000,44399000000,20490000000,9368000000,12125000000,-4995000000,-7645000000,4220000000,1.1345
04/01/2017,1.66E+11,3.8397,18.4556,0.021255,0.054184,Q1-2017,9213347383,9046347383,0.196446,0.022599,0.301004,1.49,26.9557,4407000000,0.8627,0.4343,0.035448,0.002805,0.519081,0.2504,-0.01576,0.103117,0.015722,5.58,55172000000,16607000000,91576000000,44399000000,20490000000,9368000000,12125000000,-4995000000,-7645000000,4220000000,1.1345
03/01/2017,1.64E+11,3.7911,18.222,0.021528,0.054879,Q1-2017,9213347383,9046347383,0.196446,0.022599,0.301004,1.49,26.9557,4407000000,0.8627,0.4343,0.035448,0.002805,0.519081,0.2504,-0.01576,0.103117,0.015722,5.58,55172000000,16607000000,91576000000,44399000000,20490000000,9368000000,12125000000,-4995000000,-7645000000,4220000000,1.1345
30/12/2016,1.65E+11,3.8035,17.5229,0.021912,0.057068,Q4-2016,9351464891,9827464891,0.204005,0.077552,0.300708,1.42,26.3972,4773000000,1.0074,0.4262,0.169388,-0.008057,0.58915,0.2261,0.105965,0.108648,0.060364,5.76,55632000000,16729000000,92033000000,44710000000,20170000000,9790000000,13136000000,-5758000000,-7220000000,4280000000,1.1345
29/12/2016,1.65E+11,3.8159,17.5801,0.021841,0.056883,Q4-2016,9351464891,9827464891,0.204005,0.077552,0.300708,1.42,26.3972,4773000000,1.0074,0.4262,0.169388,-0.008057,0.58915,0.2261,0.105965,0.108648,0.060364,5.76,55632000000,16729000000,92033000000,44710000000,20170000000,9790000000,13136000000,-5758000000,-7220000000,4280000000,1.1345
28/12/2016,1.65E+11,3.8064,17.5363,0.021895,0.057024,Q4-2016,9351464891,9827464891,0.204005,0.077552,0.300708,1.42,26.3972,4773000000,1.0074,0.4262,0.169388,-0.008057,0.58915,0.2261,0.105965,0.108648,0.060364,5.76,55632000000,16729000000,92033000000,44710000000,20170000000,9790000000,13136000000,-5758000000,-7220000000,4280000000,1.1345
27/12/2016,1.66E+11,3.8381,17.6826,0.021714,0.056553,Q4-2016,9351464891,9827464891,0.204005,0.077552,0.300708,1.42,26.3972,4773000000,1.0074,0.4262,0.169388,-0.008057,0.58915,0.2261,0.105965,0.108648,0.060364,5.76,55632000000,16729000000,92033000000,44710000000,20170000000,9790000000,13136000000,-5758000000,-7220000000,4280000000,1.1935
23/12/2016,1.66E+11,3.8374,17.6793,0.021718,0.056563,Q4-2016,9351464891,9827464891,0.204005,0.077552,0.300708,1.42,26.3972,4773000000,1.0074,0.4262,0.169388,-0.008057,0.58915,0.2261,0.105965,0.108648,0.060364,5.76,55632000000,16729000000,92033000000,44710000000,20170000000,9790000000,13136000000,-5758000000,-7220000000,4280000000,1.1935
22/12/2016,1.66E+11,3.8473,17.7246,0.021663,0.056419,Q4-2016,9351464891,9827464891,0.204005,0.077552,0.300708,1.42,26.3972,4773000000,1.0074,0.4262,0.169388,-0.008057,0.58915,0.2261,0.105965,0.108648,0.060364,5.76,55632000000,16729000000,92033000000,44710000000,20170000000,9790000000,13136000000,-5758000000,-7220000000,4280000000,1.1935
21/12/2016,1.67E+11,3.8524,17.7482,0.021634,0.056344,Q4-2016,9351464891,9827464891,0.204005,0.077552,0.300708,1.42,26.3972,4773000000,1.0074,0.4262,0.169388,-0.008057,0.58915,0.2261,0.105965,0.108648,0.060364,5.76,55632000000,16729000000,92033000000,44710000000,20170000000,9790000000,13136000000,-5758000000,-7220000000,4280000000,1.1935
20/12/2016,1.67E+11,3.8487,17.7314,0.021654,0.056397,Q4-2016,9351464891,9827464891,0.204005,0.077552,0.300708,1.42,26.3972,4773000000,1.0074,0.4262,0.169388,-0.008057,0.58915,0.2261,0.105965,0.108648,0.060364,5.76,55632000000,16729000000,92033000000,44710000000,20170000000,9790000000,13136000000,-5758000000,-7220000000,4280000000,1.1935
19/12/2016,1.66E+11,3.8429,17.7045,0.021687,0.056483,Q4-2016,9351464891,9827464891,0.204005,0.077552,0.300708,1.42,26.3972,4773000000,1.0074,0.4262,0.169388,-0.008057,0.58915,0.2261,0.105965,0.108648,0.060364,5.76,55632000000,16729000000,92033000000,44710000000,20170000000,9790000000,13136000000,-5758000000,-7220000000,4280000000,1.1935
16/12/2016,1.64E+11,3.7922,17.4708,0.021977,0.057238,Q4-2016,9351464891,9827464891,0.204005,0.077552,0.300708,1.42,26.3972,4773000000,1.0074,0.4262,0.169388,-0.008057,0.58915,0.2261,0.105965,0.108648,0.060364,5.76,55632000000,16729000000,92033000000,44710000000,20170000000,9790000000,13136000000,-5758000000,-7220000000,4280000000,1.1935
15/12/2016,1.65E+11,3.8097,17.5515,0.021876,0.056975,Q4-2016,9351464891,9827464891,0.204005,0.077552,0.300708,1.42,26.3972,4773000000,1.0074,0.4262,0.169388,-0.008057,0.58915,0.2261,0.105965,0.108648,0.060364,5.76,55632000000,16729000000,92033000000,44710000000,20170000000,9790000000,13136000000,-5758000000,-7220000000,4280000000,1.1935
14/12/2016,1.64E+11,3.7973,17.4943,0.021948,0.057161,Q4-2016,9351464891,9827464891,0.204005,0.077552,0.300708,1.42,26.3972,4773000000,1.0074,0.4262,0.169388,-0.008057,0.58915,0.2261,0.105965,0.108648,0.060364,5.76,55632000000,16729000000,92033000000,44710000000,20170000000,9790000000,13136000000,-5758000000,-7220000000,4280000000,1.1935
13/12/2016,1.64E+11,3.79,17.4607,0.02199,0.057272,Q4-2016,9351464891,9827464891,0.204005,0.077552,0.300708,1.42,26.3972,4773000000,1.0074,0.4262,0.169388,-0.008057,0.58915,0.2261,0.105965,0.108648,0.060364,5.76,55632000000,16729000000,92033000000,44710000000,20170000000,9790000000,13136000000,-5758000000,-7220000000,4280000000,1.1935
12/12/2016,1.64E+11,3.7976,17.496,0.021946,0.057156,Q4-2016,9351464891,9827464891,0.204005,0.077552,0.300708,1.42,26.3972,4773000000,1.0074,0.4262,0.169388,-0.008057,0.58915,0.2261,0.105965,0.108648,0.060364,5.76,55632000000,16729000000,92033000000,44710000000,20170000000,9790000000,13136000000,-5758000000,-7220000000,4280000000,1.1935
09/12/2016,1.66E+11,3.8268,17.6305,0.021778,0.05672,Q4-2016,9351464891,9827464891,0.204005,0.077552,0.300708,1.42,26.3972,4773000000,1.0074,0.4262,0.169388,-0.008057,0.58915,0.2261,0.105965,0.108648,0.060364,5.76,55632000000,16729000000,92033000000,44710000000,20170000000,9790000000,13136000000,-5758000000,-7220000000,4280000000,1.1935
08/12/2016,1.63E+11,3.7728,17.3817,0.02209,0.057532,Q4-2016,9351464891,9827464891,0.204005,0.077552,0.300708,1.42,26.3972,4773000000,1.0074,0.4262,0.169388,-0.008057,0.58915,0.2261,0.105965,0.108648,0.060364,5.76,55632000000,16729000000,92033000000,44710000000,20170000000,9790000000,13136000000,-5758000000,-7220000000,4280000000,1.1935
07/12/2016,1.60E+11,3.6936,17.0168,0.014564,0.058765,Q4-2016,9351464891,9827464891,0.204005,0.077552,0.300708,1.42,26.3972,4773000000,1.0074,0.4262,0.169388,-0.008057,0.58915,0.2261,0.105965,0.108648,0.060364,5.76,55632000000,16729000000,92033000000,44710000000,20170000000,9790000000,13136000000,-5758000000,-7220000000,4280000000,1.1935
06/12/2016,1.58E+11,3.6455,16.7949,0.014756,0.059542,Q4-2016,9351464891,9827464891,0.204005,0.077552,0.300708,1.42,26.3972,4773000000,1.0074,0.4262,0.169388,-0.008057,0.58915,0.2261,0.105965,0.108648,0.060364,5.76,55632000000,16729000000,92033000000,44710000000,20170000000,9790000000,13136000000,-5758000000,-7220000000,4280000000,1.1935
05/12/2016,1.57E+11,3.6201,16.6781,0.01486,0.059959,Q4-2016,9351464891,9827464891,0.204005,0.077552,0.300708,1.42,26.3972,4773000000,1.0074,0.4262,0.169388,-0.008057,0.58915,0.2261,0.105965,0.108648,0.060364,5.76,55632000000,16729000000,92033000000,44710000000,20170000000,9790000000,13136000000,-5758000000,-7220000000,4280000000,1.1935
02/12/2016,1.54E+11,3.5672,16.4345,0.01508,0.060848,Q4-2016,9351464891,9827464891,0.204005,0.077552,0.300708,1.42,26.3972,4773000000,1.0074,0.4262,0.169388,-0.008057,0.58915,0.2261,0.105965,0.108648,0.060364,5.76,55632000000,16729000000,92033000000,44710000000,20170000000,9790000000,13136000000,-5758000000,-7220000000,4280000000,1.1935
01/12/2016,1.55E+11,3.5832,16.5079,0.015013,0.060577,Q4-2016,9351464891,9827464891,0.204005,0.077552,0.300708,1.42,26.3972,4773000000,1.0074,0.4262,0.169388,-0.008057,0.58915,0.2261,0.105965,0.108648,0.060364,5.76,55632000000,16729000000,92033000000,44710000000,20170000000,9790000000,13136000000,-5758000000,-7220000000,4280000000,1.1935
30/11/2016,1.55E+11,3.5897,16.538,0.014986,0.060467,Q4-2016,9351464891,9827464891,0.204005,0.077552,0.300708,1.42,26.3972,4773000000,1.0074,0.4262,0.169388,-0.008057,0.58915,0.2261,0.105965,0.108648,0.060364,5.76,55632000000,16729000000,92033000000,44710000000,20170000000,9790000000,13136000000,-5758000000,-7220000000,4280000000,1.1935
29/11/2016,1.56E+11,3.6096,16.6297,0.014903,0.060133,Q4-2016,9351464891,9827464891,0.204005,0.077552,0.300708,1.42,26.3972,4773000000,1.0074,0.4262,0.169388,-0.008057,0.58915,0.2261,0.105965,0.108648,0.060364,5.76,55632000000,16729000000,92033000000,44710000000,20170000000,9790000000,13136000000,-5758000000,-7220000000,4280000000,1.1935
28/11/2016,1.55E+11,3.5843,16.5129,0.015008,0.060559,Q4-2016,9351464891,9827464891,0.204005,0.077552,0.300708,1.42,26.3972,4773000000,1.0074,0.4262,0.169388,-0.008057,0.58915,0.2261,0.105965,0.108648,0.060364,5.76,55632000000,16729000000,92033000000,44710000000,20170000000,9790000000,13136000000,-5758000000,-7220000000,4280000000,1.1935
25/11/2016,1.55E+11,3.5788,16.4879,0.015031,0.060651,Q4-2016,9351464891,9827464891,0.204005,0.077552,0.300708,1.42,26.3972,4773000000,1.0074,0.4262,0.169388,-0.008057,0.58915,0.2261,0.105965,0.108648,0.060364,5.76,55632000000,16729000000,92033000000,44710000000,20170000000,9790000000,13136000000,-5758000000,-7220000000,4280000000,1.1169
23/11/2016,1.54E+11,3.5585,16.3945,0.015117,0.060996,Q4-2016,9351464891,9827464891,0.204005,0.077552,0.300708,1.42,26.3972,4773000000,1.0074,0.4262,0.169388,-0.008057,0.58915,0.2261,0.105965,0.108648,0.060364,5.76,55632000000,16729000000,92033000000,44710000000,20170000000,9790000000,13136000000,-5758000000,-7220000000,4280000000,1.1169
22/11/2016,1.53E+11,3.5386,16.3027,0.015202,0.06134,Q4-2016,9351464891,9827464891,0.204005,0.077552,0.300708,1.42,26.3972,4773000000,1.0074,0.4262,0.169388,-0.008057,0.58915,0.2261,0.105965,0.108648,0.060364,5.76,55632000000,16729000000,92033000000,44710000000,20170000000,9790000000,13136000000,-5758000000,-7220000000,4280000000,1.1169
21/11/2016,1.53E+11,3.5357,16.2894,0.015214,0.06139,Q4-2016,9351464891,9827464891,0.204005,0.077552,0.300708,1.42,26.3972,4773000000,1.0074,0.4262,0.169388,-0.008057,0.58915,0.2261,0.105965,0.108648,0.060364,5.76,55632000000,16729000000,92033000000,44710000000,20170000000,9790000000,13136000000,-5758000000,-7220000000,4280000000,1.1169
18/11/2016,1.54E+11,3.5578,16.3911,0.01512,0.061009,Q4-2016,9351464891,9827464891,0.204005,0.077552,0.300708,1.42,26.3972,4773000000,1.0074,0.4262,0.169388,-0.008057,0.58915,0.2261,0.105965,0.108648,0.060364,5.76,55632000000,16729000000,92033000000,44710000000,20170000000,9790000000,13136000000,-5758000000,-7220000000,4280000000,1.1169
17/11/2016,1.56E+11,3.5987,16.5797,0.014948,0.060315,Q4-2016,9351464891,9827464891,0.204005,0.077552,0.300708,1.42,26.3972,4773000000,1.0074,0.4262,0.169388,-0.008057,0.58915,0.2261,0.105965,0.108648,0.060364,5.76,55632000000,16729000000,92033000000,44710000000,20170000000,9790000000,13136000000,-5758000000,-7220000000,4280000000,1.1169
16/11/2016,1.55E+11,3.5897,16.538,0.014986,0.060467,Q4-2016,9351464891,9827464891,0.204005,0.077552,0.300708,1.42,26.3972,4773000000,1.0074,0.4262,0.169388,-0.008057,0.58915,0.2261,0.105965,0.108648,0.060364,5.76,55632000000,16729000000,92033000000,44710000000,20170000000,9790000000,13136000000,-5758000000,-7220000000,4280000000,1.1169
15/11/2016,1.53E+11,3.5383,16.301,0.015203,0.061346,Q4-2016,9351464891,9827464891,0.204005,0.077552,0.300708,1.42,26.3972,4773000000,1.0074,0.4262,0.169388,-0.008057,0.58915,0.2261,0.105965,0.108648,0.060364,5.76,55632000000,16729000000,92033000000,44710000000,20170000000,9790000000,13136000000,-5758000000,-7220000000,4280000000,1.1169
14/11/2016,1.53E+11,3.5462,16.3377,0.015169,0.061208,Q4-2016,9351464891,9827464891,0.204005,0.077552,0.300708,1.42,26.3972,4773000000,1.0074,0.4262,0.169388,-0.008057,0.58915,0.2261,0.105965,0.108648,0.060364,5.76,55632000000,16729000000,92033000000,44710000000,20170000000,9790000000,13136000000,-5758000000,-7220000000,4280000000,1.1169
11/11/2016,1.53E+11,3.5375,16.2977,0.015207,0.061358,Q4-2016,9351464891,9827464891,0.204005,0.077552,0.300708,1.42,26.3972,4773000000,1.0074,0.4262,0.169388,-0.008057,0.58915,0.2261,0.105965,0.108648,0.060364,5.76,55632000000,16729000000,92033000000,44710000000,20170000000,9790000000,13136000000,-5758000000,-7220000000,4280000000,1.1169
10/11/2016,1.49E+11,3.439,15.8439,0.015642,0.063116,Q4-2016,9351464891,9827464891,0.204005,0.077552,0.300708,1.42,26.3972,4773000000,1.0074,0.4262,0.169388,-0.008057,0.58915,0.2261,0.105965,0.108648,0.060364,5.76,55632000000,16729000000,92033000000,44710000000,20170000000,9790000000,13136000000,-5758000000,-7220000000,4280000000,1.1169
09/11/2016,1.48E+11,3.4274,15.7905,0.015695,0.063329,Q4-2016,9351464891,9827464891,0.204005,0.077552,0.300708,1.42,26.3972,4773000000,1.0074,0.4262,0.169388,-0.008057,0.58915,0.2261,0.105965,0.108648,0.060364,5.76,55632000000,16729000000,92033000000,44710000000,20170000000,9790000000,13136000000,-5758000000,-7220000000,4280000000,1.1169
08/11/2016,1.48E+11,3.418,15.7471,0.015738,0.063504,Q4-2016,9351464891,9827464891,0.204005,0.077552,0.300708,1.42,26.3972,4773000000,1.0074,0.4262,0.169388,-0.008057,0.58915,0.2261,0.105965,0.108648,0.060364,5.76,55632000000,16729000000,92033000000,44710000000,20170000000,9790000000,13136000000,-5758000000,-7220000000,4280000000,1.1169
07/11/2016,1.48E+11,3.4198,15.7554,0.01573,0.06347,Q4-2016,9351464891,9827464891,0.204005,0.077552,0.300708,1.42,26.3972,4773000000,1.0074,0.4262,0.169388,-0.008057,0.58915,0.2261,0.105965,0.108648,0.060364,5.76,55632000000,16729000000,92033000000,44710000000,20170000000,9790000000,13136000000,-5758000000,-7220000000,4280000000,1.1169
04/11/2016,1.45E+11,3.3481,15.4251,0.016067,0.064829,Q4-2016,9351464891,9827464891,0.204005,0.077552,0.300708,1.42,26.3972,4773000000,1.0074,0.4262,0.169388,-0.008057,0.58915,0.2261,0.105965,0.108648,0.060364,5.76,55632000000,16729000000,92033000000,44710000000,20170000000,9790000000,13136000000,-5758000000,-7220000000,4280000000,1.1169
03/11/2016,1.46E+11,3.3815,15.5786,0.015908,0.064191,Q4-2016,9351464891,9827464891,0.204005,0.077552,0.300708,1.42,26.3972,4773000000,1.0074,0.4262,0.169388,-0.008057,0.58915,0.2261,0.105965,0.108648,0.060364,5.76,55632000000,16729000000,92033000000,44710000000,20170000000,9790000000,13136000000,-5758000000,-7220000000,4280000000,1.1169
02/11/2016,1.44E+11,3.3286,15.335,0.016161,0.06521,Q4-2016,9351464891,9827464891,0.204005,0.077552,0.300708,1.42,26.3972,4773000000,1.0074,0.4262,0.169388,-0.008057,0.58915,0.2261,0.105965,0.108648,0.060364,5.76,55632000000,16729000000,92033000000,44710000000,20170000000,9790000000,13136000000,-5758000000,-7220000000,4280000000,1.1169
01/11/2016,1.45E+11,3.346,15.4151,0.016077,0.064872,Q4-2016,9351464891,9827464891,0.204005,0.077552,0.300708,1.42,26.3972,4773000000,1.0074,0.4262,0.169388,-0.008057,0.58915,0.2261,0.105965,0.108648,0.060364,5.76,55632000000,16729000000,92033000000,44710000000,20170000000,9790000000,13136000000,-5758000000,-7220000000,4280000000,1.1169
31/10/2016,1.45E+11,3.3568,15.4651,0.016025,0.064662,Q4-2016,9351464891,9827464891,0.204005,0.077552,0.300708,1.42,26.3972,4773000000,1.0074,0.4262,0.169388,-0.008057,0.58915,0.2261,0.105965,0.108648,0.060364,5.76,55632000000,16729000000,92033000000,44710000000,20170000000,9790000000,13136000000,-5758000000,-7220000000,4280000000,1.1169
28/10/2016,1.47E+11,3.3988,15.6587,0.015827,0.063862,Q4-2016,9351464891,9827464891,0.204005,0.077552,0.300708,1.42,26.3972,4773000000,1.0074,0.4262,0.169388,-0.008057,0.58915,0.2261,0.105965,0.108648,0.060364,5.76,55632000000,16729000000,92033000000,44710000000,20170000000,9790000000,13136000000,-5758000000,-7220000000,4280000000,1.1169
27/10/2016,1.47E+11,3.405,15.687,0.015798,0.063747,Q4-2016,9351464891,9827464891,0.204005,0.077552,0.300708,1.42,26.3972,4773000000,1.0074,0.4262,0.169388,-0.008057,0.58915,0.2261,0.105965,0.108648,0.060364,5.76,55632000000,16729000000,92033000000,44710000000,20170000000,9790000000,13136000000,-5758000000,-7220000000,4280000000,1.1169
26/10/2016,1.46E+11,3.3858,15.5986,0.015888,0.064108,Q4-2016,9351464891,9827464891,0.204005,0.077552,0.300708,1.42,26.3972,4773000000,1.0074,0.4262,0.169388,-0.008057,0.58915,0.2261,0.105965,0.108648,0.060364,5.76,55632000000,16729000000,92033000000,44710000000,20170000000,9790000000,13136000000,-5758000000,-7220000000,4280000000,1.1169
25/10/2016,1.45E+11,3.359,15.4751,0.016015,0.06462,Q4-2016,9351464891,9827464891,0.204005,0.077552,0.300708,1.42,26.3972,4773000000,1.0074,0.4262,0.169388,-0.008057,0.58915,0.2261,0.105965,0.108648,0.060364,5.76,55632000000,16729000000,92033000000,44710000000,20170000000,9790000000,13136000000,-5758000000,-7220000000,4280000000,1.1169
24/10/2016,1.46E+11,3.3815,15.5786,0.015908,0.064191,Q4-2016,9351464891,9827464891,0.204005,0.077552,0.300708,1.42,26.3972,4773000000,1.0074,0.4262,0.169388,-0.008057,0.58915,0.2261,0.105965,0.108648,0.060364,5.76,55632000000,16729000000,92033000000,44710000000,20170000000,9790000000,13136000000,-5758000000,-7220000000,4280000000,1.2472
21/10/2016,1.46E+11,3.3691,15.5219,0.015967,0.064425,Q4-2016,9351464891,9827464891,0.204005,0.077552,0.300708,1.42,26.3972,4773000000,1.0074,0.4262,0.169388,-0.008057,0.58915,0.2261,0.105965,0.108648,0.060364,5.76,55632000000,16729000000,92033000000,44710000000,20170000000,9790000000,13136000000,-5758000000,-7220000000,4280000000,1.2472
20/10/2016,1.44E+11,3.3329,15.355,0.01614,0.065125,Q4-2016,9351464891,9827464891,0.204005,0.077552,0.300708,1.42,26.3972,4773000000,1.0074,0.4262,0.169388,-0.008057,0.58915,0.2261,0.105965,0.108648,0.060364,5.76,55632000000,16729000000,92033000000,44710000000,20170000000,9790000000,13136000000,-5758000000,-7220000000,4280000000,1.2472
19/10/2016,1.44E+11,3.3293,15.3383,0.016158,0.065196,Q4-2016,9351464891,9827464891,0.204005,0.077552,0.300708,1.42,26.3972,4773000000,1.0074,0.4262,0.169388,-0.008057,0.58915,0.2261,0.105965,0.108648,0.060364,5.76,55632000000,16729000000,92033000000,44710000000,20170000000,9790000000,13136000000,-5758000000,-7220000000,4280000000,1.2472
18/10/2016,1.43E+11,3.3018,15.2115,0.016292,0.06574,Q4-2016,9351464891,9827464891,0.204005,0.077552,0.300708,1.42,26.3972,4773000000,1.0074,0.4262,0.169388,-0.008057,0.58915,0.2261,0.105965,0.108648,0.060364,5.76,55632000000,16729000000,92033000000,44710000000,20170000000,9790000000,13136000000,-5758000000,-7220000000,4280000000,1.2472
17/10/2016,1.42E+11,3.2895,15.1548,0.016353,0.065986,Q4-2016,9351464891,9827464891,0.204005,0.077552,0.300708,1.42,26.3972,4773000000,1.0074,0.4262,0.169388,-0.008057,0.58915,0.2261,0.105965,0.108648,0.060364,5.76,55632000000,16729000000,92033000000,44710000000,20170000000,9790000000,13136000000,-5758000000,-7220000000,4280000000,1.2472
14/10/2016,1.43E+11,3.3065,15.2332,0.016269,0.065646,Q4-2016,9351464891,9827464891,0.204005,0.077552,0.300708,1.42,26.3972,4773000000,1.0074,0.4262,0.169388,-0.008057,0.58915,0.2261,0.105965,0.108648,0.060364,5.76,55632000000,16729000000,92033000000,44710000000,20170000000,9790000000,13136000000,-5758000000,-7220000000,4280000000,1.2472
13/10/2016,1.43E+11,3.3,15.2032,0.016301,0.065776,Q4-2016,9351464891,9827464891,0.204005,0.077552,0.300708,1.42,26.3972,4773000000,1.0074,0.4262,0.169388,-0.008057,0.58915,0.2261,0.105965,0.108648,0.060364,5.76,55632000000,16729000000,92033000000,44710000000,20170000000,9790000000,13136000000,-5758000000,-7220000000,4280000000,1.2472
12/10/2016,1.43E+11,3.3105,15.2516,0.01625,0.065567,Q4-2016,9351464891,9827464891,0.204005,0.077552,0.300708,1.42,26.3972,4773000000,1.0074,0.4262,0.169388,-0.008057,0.58915,0.2261,0.105965,0.108648,0.060364,5.76,55632000000,16729000000,92033000000,44710000000,20170000000,9790000000,13136000000,-5758000000,-7220000000,4280000000,1.2472
11/10/2016,1.44E+11,3.3268,15.3266,0.01617,0.065246,Q4-2016,9351464891,9827464891,0.204005,0.077552,0.300708,1.42,26.3972,4773000000,1.0074,0.4262,0.169388,-0.008057,0.58915,0.2261,0.105965,0.108648,0.060364,5.76,55632000000,16729000000,92033000000,44710000000,20170000000,9790000000,13136000000,-5758000000,-7220000000,4280000000,1.2472
10/10/2016,1.45E+11,3.3496,15.4318,0.01606,0.064801,Q4-2016,9351464891,9827464891,0.204005,0.077552,0.300708,1.42,26.3972,4773000000,1.0074,0.4262,0.169388,-0.008057,0.58915,0.2261,0.105965,0.108648,0.060364,5.76,55632000000,16729000000,92033000000,44710000000,20170000000,9790000000,13136000000,-5758000000,-7220000000,4280000000,1.2472
07/10/2016,1.45E+11,3.3496,15.4318,0.01606,0.064801,Q4-2016,9351464891,9827464891,0.204005,0.077552,0.300708,1.42,26.3972,4773000000,1.0074,0.4262,0.169388,-0.008057,0.58915,0.2261,0.105965,0.108648,0.060364,5.76,55632000000,16729000000,92033000000,44710000000,20170000000,9790000000,13136000000,-5758000000,-7220000000,4280000000,1.2472
06/10/2016,1.45E+11,3.3619,15.4885,0.016001,0.064564,Q4-2016,9351464891,9827464891,0.204005,0.077552,0.300708,1.42,26.3972,4773000000,1.0074,0.4262,0.169388,-0.008057,0.58915,0.2261,0.105965,0.108648,0.060364,5.76,55632000000,16729000000,92033000000,44710000000,20170000000,9790000000,13136000000,-5758000000,-7220000000,4280000000,1.2472
05/10/2016,1.45E+11,3.3481,15.4251,0.016067,0.064829,Q4-2016,9351464891,9827464891,0.204005,0.077552,0.300708,1.42,26.3972,4773000000,1.0074,0.4262,0.169388,-0.008057,0.58915,0.2261,0.105965,0.108648,0.060364,5.76,55632000000,16729000000,92033000000,44710000000,20170000000,9790000000,13136000000,-5758000000,-7220000000,4280000000,1.2472
04/10/2016,1.45E+11,3.3532,15.4484,0.016042,0.064731,Q4-2016,9351464891,9827464891,0.204005,0.077552,0.300708,1.42,26.3972,4773000000,1.0074,0.4262,0.169388,-0.008057,0.58915,0.2261,0.105965,0.108648,0.060364,5.76,55632000000,16729000000,92033000000,44710000000,20170000000,9790000000,13136000000,-5758000000,-7220000000,4280000000,1.2472
03/10/2016,1.45E+11,3.3496,15.4318,0.01606,0.064801,Q4-2016,9351464891,9827464891,0.204005,0.077552,0.300708,1.42,26.3972,4773000000,1.0074,0.4262,0.169388,-0.008057,0.58915,0.2261,0.105965,0.108648,0.060364,5.76,55632000000,16729000000,92033000000,44710000000,20170000000,9790000000,13136000000,-5758000000,-7220000000,4280000000,1.2472
30/09/2016,1.45E+11,3.2763,15.6885,0.015996,0.063741,Q3-2016,9167537506,7646537506,0.195412,0.147083,0.301918,1.42,27.0956,4895000000,0.9748,0.4246,0.155602,0.025951,0.025779,0.2036,0.103365,0.108133,0.090764,5.62,56002000000,16908000000,90914000000,42768000000,20441000000,9639000000,13419000000,-5416000000,-6880000000,3228000000,1.2472
29/09/2016,1.43E+11,3.2389,15.5094,0.016181,0.064477,Q3-2016,9167537506,7646537506,0.195412,0.147083,0.301918,1.42,27.0956,4895000000,0.9748,0.4246,0.155602,0.025951,0.025779,0.2036,0.103365,0.108133,0.090764,5.62,56002000000,16908000000,90914000000,42768000000,20441000000,9639000000,13419000000,-5416000000,-6880000000,3228000000,1.2472
28/09/2016,1.44E+11,3.253,15.577,0.01611,0.064197,Q3-2016,9167537506,7646537506,0.195412,0.147083,0.301918,1.42,27.0956,4895000000,0.9748,0.4246,0.155602,0.025951,0.025779,0.2036,0.103365,0.108133,0.090764,5.62,56002000000,16908000000,90914000000,42768000000,20441000000,9639000000,13419000000,-5416000000,-6880000000,3228000000,1.2472
27/09/2016,1.43E+11,3.2361,15.4959,0.016195,0.064533,Q3-2016,9167537506,7646537506,0.195412,0.147083,0.301918,1.42,27.0956,4895000000,0.9748,0.4246,0.155602,0.025951,0.025779,0.2036,0.103365,0.108133,0.090764,5.62,56002000000,16908000000,90914000000,42768000000,20441000000,9639000000,13419000000,-5416000000,-6880000000,3228000000,1.2472
26/09/2016,1.43E+11,3.2445,15.5364,0.016152,0.064365,Q3-2016,9167537506,7646537506,0.195412,0.147083,0.301918,1.42,27.0956,4895000000,0.9748,0.4246,0.155602,0.025951,0.025779,0.2036,0.103365,0.108133,0.090764,5.62,56002000000,16908000000,90914000000,42768000000,20441000000,9639000000,13419000000,-5416000000,-6880000000,3228000000,1.2472
23/09/2016,1.45E+11,3.2908,15.7578,0.015925,0.063461,Q3-2016,9167537506,7646537506,0.195412,0.147083,0.301918,1.42,27.0956,4895000000,0.9748,0.4246,0.155602,0.025951,0.025779,0.2036,0.103365,0.108133,0.090764,5.62,56002000000,16908000000,90914000000,42768000000,20441000000,9639000000,13419000000,-5416000000,-6880000000,3228000000,1.2472
22/09/2016,1.46E+11,3.2957,15.7814,0.015902,0.063366,Q3-2016,9167537506,7646537506,0.195412,0.147083,0.301918,1.42,27.0956,4895000000,0.9748,0.4246,0.155602,0.025951,0.025779,0.2036,0.103365,0.108133,0.090764,5.62,56002000000,16908000000,90914000000,42768000000,20441000000,9639000000,13419000000,-5416000000,-6880000000,3228000000,1.1988
21/09/2016,1.44E+11,3.2597,15.6091,0.016077,0.064065,Q3-2016,9167537506,7646537506,0.195412,0.147083,0.301918,1.42,27.0956,4895000000,0.9748,0.4246,0.155602,0.025951,0.025779,0.2036,0.103365,0.108133,0.090764,5.62,56002000000,16908000000,90914000000,42768000000,20441000000,9639000000,13419000000,-5416000000,-6880000000,3228000000,1.1988
20/09/2016,1.45E+11,3.2795,15.7037,0.01598,0.063679,Q3-2016,9167537506,7646537506,0.195412,0.147083,0.301918,1.42,27.0956,4895000000,0.9748,0.4246,0.155602,0.025951,0.025779,0.2036,0.103365,0.108133,0.090764,5.62,56002000000,16908000000,90914000000,42768000000,20441000000,9639000000,13419000000,-5416000000,-6880000000,3228000000,1.1988
19/09/2016,1.44E+11,3.2682,15.6496,0.016036,0.063899,Q3-2016,9167537506,7646537506,0.195412,0.147083,0.301918,1.42,27.0956,4895000000,0.9748,0.4246,0.155602,0.025951,0.025779,0.2036,0.103365,0.108133,0.090764,5.62,56002000000,16908000000,90914000000,42768000000,20441000000,9639000000,13419000000,-5416000000,-6880000000,3228000000,1.1988
16/09/2016,1.44E+11,3.2657,15.6378,0.016048,0.063948,Q3-2016,9167537506,7646537506,0.195412,0.147083,0.301918,1.42,27.0956,4895000000,0.9748,0.4246,0.155602,0.025951,0.025779,0.2036,0.103365,0.108133,0.090764,5.62,56002000000,16908000000,90914000000,42768000000,20441000000,9639000000,13419000000,-5416000000,-6880000000,3228000000,1.1988
15/09/2016,1.44E+11,3.2636,15.6277,0.016058,0.063989,Q3-2016,9167537506,7646537506,0.195412,0.147083,0.301918,1.42,27.0956,4895000000,0.9748,0.4246,0.155602,0.025951,0.025779,0.2036,0.103365,0.108133,0.090764,5.62,56002000000,16908000000,90914000000,42768000000,20441000000,9639000000,13419000000,-5416000000,-6880000000,3228000000,1.1988
14/09/2016,1.44E+11,3.2551,15.5871,0.0161,0.064155,Q3-2016,9167537506,7646537506,0.195412,0.147083,0.301918,1.42,27.0956,4895000000,0.9748,0.4246,0.155602,0.025951,0.025779,0.2036,0.103365,0.108133,0.090764,5.62,56002000000,16908000000,90914000000,42768000000,20441000000,9639000000,13419000000,-5416000000,-6880000000,3228000000,1.1988
13/09/2016,1.45E+11,3.2706,15.6615,0.016023,0.063851,Q3-2016,9167537506,7646537506,0.195412,0.147083,0.301918,1.42,27.0956,4895000000,0.9748,0.4246,0.155602,0.025951,0.025779,0.2036,0.103365,0.108133,0.090764,5.62,56002000000,16908000000,90914000000,42768000000,20441000000,9639000000,13419000000,-5416000000,-6880000000,3228000000,1.1988
12/09/2016,1.46E+11,3.3038,15.8203,0.015863,0.06321,Q3-2016,9167537506,7646537506,0.195412,0.147083,0.301918,1.42,27.0956,4895000000,0.9748,0.4246,0.155602,0.025951,0.025779,0.2036,0.103365,0.108133,0.090764,5.62,56002000000,16908000000,90914000000,42768000000,20441000000,9639000000,13419000000,-5416000000,-6880000000,3228000000,1.1988
09/09/2016,1.44E+11,3.2608,15.6142,0.016072,0.064044,Q3-2016,9167537506,7646537506,0.195412,0.147083,0.301918,1.42,27.0956,4895000000,0.9748,0.4246,0.155602,0.025951,0.025779,0.2036,0.103365,0.108133,0.090764,5.62,56002000000,16908000000,90914000000,42768000000,20441000000,9639000000,13419000000,-5416000000,-6880000000,3228000000,1.1988
08/09/2016,1.47E+11,3.3197,15.8963,0.015787,0.062908,Q3-2016,9167537506,7646537506,0.195412,0.147083,0.301918,1.42,27.0956,4895000000,0.9748,0.4246,0.155602,0.025951,0.025779,0.2036,0.103365,0.108133,0.090764,5.62,56002000000,16908000000,90914000000,42768000000,20441000000,9639000000,13419000000,-5416000000,-6880000000,3228000000,1.1988
07/09/2016,1.46E+11,3.3063,15.8321,0.015851,0.063163,Q3-2016,9167537506,7646537506,0.195412,0.147083,0.301918,1.42,27.0956,4895000000,0.9748,0.4246,0.155602,0.025951,0.025779,0.2036,0.103365,0.108133,0.090764,5.62,56002000000,16908000000,90914000000,42768000000,20441000000,9639000000,13419000000,-5416000000,-6880000000,3228000000,1.1988
06/09/2016,1.46E+11,3.3095,15.8473,0.015836,0.063102,Q3-2016,9167537506,7646537506,0.195412,0.147083,0.301918,1.42,27.0956,4895000000,0.9748,0.4246,0.155602,0.025951,0.025779,0.2036,0.103365,0.108133,0.090764,5.62,56002000000,16908000000,90914000000,42768000000,20441000000,9639000000,13419000000,-5416000000,-6880000000,3228000000,1.1988
02/09/2016,1.47E+11,3.3313,15.9521,0.015732,0.062688,Q3-2016,9167537506,7646537506,0.195412,0.147083,0.301918,1.42,27.0956,4895000000,0.9748,0.4246,0.155602,0.025951,0.025779,0.2036,0.103365,0.108133,0.090764,5.62,56002000000,16908000000,90914000000,42768000000,20441000000,9639000000,13419000000,-5416000000,-6880000000,3228000000,1.1988
01/09/2016,1.47E+11,3.3257,15.925,0.015758,0.062794,Q3-2016,9167537506,7646537506,0.195412,0.147083,0.301918,1.42,27.0956,4895000000,0.9748,0.4246,0.155602,0.025951,0.025779,0.2036,0.103365,0.108133,0.090764,5.62,56002000000,16908000000,90914000000,42768000000,20441000000,9639000000,13419000000,-5416000000,-6880000000,3228000000,1.1988
31/08/2016,1.47E+11,3.3327,15.9588,0.015725,0.062661,Q3-2016,9167537506,7646537506,0.195412,0.147083,0.301918,1.42,27.0956,4895000000,0.9748,0.4246,0.155602,0.025951,0.025779,0.2036,0.103365,0.108133,0.090764,5.62,56002000000,16908000000,90914000000,42768000000,20441000000,9639000000,13419000000,-5416000000,-6880000000,3228000000,1.1988
30/08/2016,1.48E+11,3.3469,16.0264,0.015659,0.062397,Q3-2016,9167537506,7646537506,0.195412,0.147083,0.301918,1.42,27.0956,4895000000,0.9748,0.4246,0.155602,0.025951,0.025779,0.2036,0.103365,0.108133,0.090764,5.62,56002000000,16908000000,90914000000,42768000000,20441000000,9639000000,13419000000,-5416000000,-6880000000,3228000000,1.1988
29/08/2016,1.48E+11,3.3472,16.0281,0.015657,0.06239,Q3-2016,9167537506,7646537506,0.195412,0.147083,0.301918,1.42,27.0956,4895000000,0.9748,0.4246,0.155602,0.025951,0.025779,0.2036,0.103365,0.108133,0.090764,5.62,56002000000,16908000000,90914000000,42768000000,20441000000,9639000000,13419000000,-5416000000,-6880000000,3228000000,1.1988
26/08/2016,1.48E+11,3.3592,16.0855,0.015601,0.062168,Q3-2016,9167537506,7646537506,0.195412,0.147083,0.301918,1.42,27.0956,4895000000,0.9748,0.4246,0.155602,0.025951,0.025779,0.2036,0.103365,0.108133,0.090764,5.62,56002000000,16908000000,90914000000,42768000000,20441000000,9639000000,13419000000,-5416000000,-6880000000,3228000000,1.1988
25/08/2016,1.49E+11,3.3712,16.143,0.015545,0.061946,Q3-2016,9167537506,7646537506,0.195412,0.147083,0.301918,1.42,27.0956,4895000000,0.9748,0.4246,0.155602,0.025951,0.025779,0.2036,0.103365,0.108133,0.090764,5.62,56002000000,16908000000,90914000000,42768000000,20441000000,9639000000,13419000000,-5416000000,-6880000000,3228000000,1.1988
24/08/2016,1.49E+11,3.3807,16.1886,0.015502,0.061772,Q3-2016,9167537506,7646537506,0.195412,0.147083,0.301918,1.42,27.0956,4895000000,0.9748,0.4246,0.155602,0.025951,0.025779,0.2036,0.103365,0.108133,0.090764,5.62,56002000000,16908000000,90914000000,42768000000,20441000000,9639000000,13419000000,-5416000000,-6880000000,3228000000,1.1988
23/08/2016,1.50E+11,3.386,16.2139,0.015477,0.061675,Q3-2016,9167537506,7646537506,0.195412,0.147083,0.301918,1.42,27.0956,4895000000,0.9748,0.4246,0.155602,0.025951,0.025779,0.2036,0.103365,0.108133,0.090764,5.62,56002000000,16908000000,90914000000,42768000000,20441000000,9639000000,13419000000,-5416000000,-6880000000,3228000000,1.4393
22/08/2016,1.49E+11,3.3825,16.197,0.015494,0.06174,Q3-2016,9167537506,7646537506,0.195412,0.147083,0.301918,1.42,27.0956,4895000000,0.9748,0.4246,0.155602,0.025951,0.025779,0.2036,0.103365,0.108133,0.090764,5.62,56002000000,16908000000,90914000000,42768000000,20441000000,9639000000,13419000000,-5416000000,-6880000000,3228000000,1.4393
19/08/2016,1.50E+11,3.4008,16.2849,0.01541,0.061407,Q3-2016,9167537506,7646537506,0.195412,0.147083,0.301918,1.42,27.0956,4895000000,0.9748,0.4246,0.155602,0.025951,0.025779,0.2036,0.103365,0.108133,0.090764,5.62,56002000000,16908000000,90914000000,42768000000,20441000000,9639000000,13419000000,-5416000000,-6880000000,3228000000,1.4393
18/08/2016,1.51E+11,3.41,16.3288,0.015369,0.061241,Q3-2016,9167537506,7646537506,0.195412,0.147083,0.301918,1.42,27.0956,4895000000,0.9748,0.4246,0.155602,0.025951,0.025779,0.2036,0.103365,0.108133,0.090764,5.62,56002000000,16908000000,90914000000,42768000000,20441000000,9639000000,13419000000,-5416000000,-6880000000,3228000000,1.4393
17/08/2016,1.51E+11,3.4178,16.366,0.015334,0.061102,Q3-2016,9167537506,7646537506,0.195412,0.147083,0.301918,1.42,27.0956,4895000000,0.9748,0.4246,0.155602,0.025951,0.025779,0.2036,0.103365,0.108133,0.090764,5.62,56002000000,16908000000,90914000000,42768000000,20441000000,9639000000,13419000000,-5416000000,-6880000000,3228000000,1.4393
16/08/2016,1.51E+11,3.4181,16.3677,0.015332,0.061096,Q3-2016,9167537506,7646537506,0.195412,0.147083,0.301918,1.42,27.0956,4895000000,0.9748,0.4246,0.155602,0.025951,0.025779,0.2036,0.103365,0.108133,0.090764,5.62,56002000000,16908000000,90914000000,42768000000,20441000000,9639000000,13419000000,-5416000000,-6880000000,3228000000,1.4393
15/08/2016,1.51E+11,3.4259,16.4048,0.015297,0.060958,Q3-2016,9167537506,7646537506,0.195412,0.147083,0.301918,1.42,27.0956,4895000000,0.9748,0.4246,0.155602,0.025951,0.025779,0.2036,0.103365,0.108133,0.090764,5.62,56002000000,16908000000,90914000000,42768000000,20441000000,9639000000,13419000000,-5416000000,-6880000000,3228000000,1.4393
12/08/2016,1.51E+11,3.4167,16.3609,0.015338,0.061121,Q3-2016,9167537506,7646537506,0.195412,0.147083,0.301918,1.42,27.0956,4895000000,0.9748,0.4246,0.155602,0.025951,0.025779,0.2036,0.103365,0.108133,0.090764,5.62,56002000000,16908000000,90914000000,42768000000,20441000000,9639000000,13419000000,-5416000000,-6880000000,3228000000,1.4393
11/08/2016,1.52E+11,3.4495,16.518,0.015193,0.06054,Q3-2016,9167537506,7646537506,0.195412,0.147083,0.301918,1.42,27.0956,4895000000,0.9748,0.4246,0.155602,0.025951,0.025779,0.2036,0.103365,0.108133,0.090764,5.62,56002000000,16908000000,90914000000,42768000000,20441000000,9639000000,13419000000,-5416000000,-6880000000,3228000000,1.4393
10/08/2016,1.53E+11,3.4527,16.5332,0.015179,0.060484,Q3-2016,9167537506,7646537506,0.195412,0.147083,0.301918,1.42,27.0956,4895000000,0.9748,0.4246,0.155602,0.025951,0.025779,0.2036,0.103365,0.108133,0.090764,5.62,56002000000,16908000000,90914000000,42768000000,20441000000,9639000000,13419000000,-5416000000,-6880000000,3228000000,1.4393
09/08/2016,1.51E+11,3.4107,16.3322,0.015365,0.061229,Q3-2016,9167537506,7646537506,0.195412,0.147083,0.301918,1.42,27.0956,4895000000,0.9748,0.4246,0.155602,0.025951,0.025779,0.2036,0.103365,0.108133,0.090764,5.62,56002000000,16908000000,90914000000,42768000000,20441000000,9639000000,13419000000,-5416000000,-6880000000,3228000000,1.4393
08/08/2016,1.49E+11,3.3783,16.1768,0.015513,0.061817,Q3-2016,9167537506,7646537506,0.195412,0.147083,0.301918,1.42,27.0956,4895000000,0.9748,0.4246,0.155602,0.025951,0.025779,0.2036,0.103365,0.108133,0.090764,5.62,56002000000,16908000000,90914000000,42768000000,20441000000,9639000000,13419000000,-5416000000,-6880000000,3228000000,1.4393
05/08/2016,1.49E+11,3.3811,16.1903,0.0155,0.061765,Q3-2016,9167537506,7646537506,0.195412,0.147083,0.301918,1.42,27.0956,4895000000,0.9748,0.4246,0.155602,0.025951,0.025779,0.2036,0.103365,0.108133,0.090764,5.62,56002000000,16908000000,90914000000,42768000000,20441000000,9639000000,13419000000,-5416000000,-6880000000,3228000000,1.4393
04/08/2016,1.48E+11,3.3574,16.0771,0.015609,0.0622,Q3-2016,9167537506,7646537506,0.195412,0.147083,0.301918,1.42,27.0956,4895000000,0.9748,0.4246,0.155602,0.025951,0.025779,0.2036,0.103365,0.108133,0.090764,5.62,56002000000,16908000000,90914000000,42768000000,20441000000,9639000000,13419000000,-5416000000,-6880000000,3228000000,1.4393
03/08/2016,1.50E+11,3.3903,16.2342,0.015458,0.061598,Q3-2016,9167537506,7646537506,0.195412,0.147083,0.301918,1.42,27.0956,4895000000,0.9748,0.4246,0.155602,0.025951,0.025779,0.2036,0.103365,0.108133,0.090764,5.62,56002000000,16908000000,90914000000,42768000000,20441000000,9639000000,13419000000,-5416000000,-6880000000,3228000000,1.4393
02/08/2016,1.48E+11,3.3521,16.0517,0.015634,0.062299,Q3-2016,9167537506,7646537506,0.195412,0.147083,0.301918,1.42,27.0956,4895000000,0.9748,0.4246,0.155602,0.025951,0.025779,0.2036,0.103365,0.108133,0.090764,5.62,56002000000,16908000000,90914000000,42768000000,20441000000,9639000000,13419000000,-5416000000,-6880000000,3228000000,1.4393
01/08/2016,1.49E+11,3.3708,16.1413,0.015547,0.061953,Q3-2016,9167537506,7646537506,0.195412,0.147083,0.301918,1.42,27.0956,4895000000,0.9748,0.4246,0.155602,0.025951,0.025779,0.2036,0.103365,0.108133,0.090764,5.62,56002000000,16908000000,90914000000,42768000000,20441000000,9639000000,13419000000,-5416000000,-6880000000,3228000000,1.4393
29/07/2016,1.50E+11,3.3853,16.2105,0.015481,0.061688,Q3-2016,9167537506,7646537506,0.195412,0.147083,0.301918,1.42,27.0956,4895000000,0.9748,0.4246,0.155602,0.025951,0.025779,0.2036,0.103365,0.108133,0.090764,5.62,56002000000,16908000000,90914000000,42768000000,20441000000,9639000000,13419000000,-5416000000,-6880000000,3228000000,1.4393
28/07/2016,1.50E+11,3.3839,16.2038,0.015487,0.061714,Q3-2016,9167537506,7646537506,0.195412,0.147083,0.301918,1.42,27.0956,4895000000,0.9748,0.4246,0.155602,0.025951,0.025779,0.2036,0.103365,0.108133,0.090764,5.62,56002000000,16908000000,90914000000,42768000000,20441000000,9639000000,13419000000,-5416000000,-6880000000,3228000000,1.4393
27/07/2016,1.50E+11,3.3987,16.2747,0.01542,0.061445,Q3-2016,9167537506,7646537506,0.195412,0.147083,0.301918,1.42,27.0956,4895000000,0.9748,0.4246,0.155602,0.025951,0.025779,0.2036,0.103365,0.108133,0.090764,5.62,56002000000,16908000000,90914000000,42768000000,20441000000,9639000000,13419000000,-5416000000,-6880000000,3228000000,1.4393
26/07/2016,1.51E+11,3.4114,16.3356,0.015362,0.061216,Q3-2016,9167537506,7646537506,0.195412,0.147083,0.301918,1.42,27.0956,4895000000,0.9748,0.4246,0.155602,0.025951,0.025779,0.2036,0.103365,0.108133,0.090764,5.62,56002000000,16908000000,90914000000,42768000000,20441000000,9639000000,13419000000,-5416000000,-6880000000,3228000000,1.4393
25/07/2016,1.52E+11,3.4361,16.4538,0.015252,0.060776,Q3-2016,9167537506,7646537506,0.195412,0.147083,0.301918,1.42,27.0956,4895000000,0.9748,0.4246,0.155602,0.025951,0.025779,0.2036,0.103365,0.108133,0.090764,5.62,56002000000,16908000000,90914000000,42768000000,20441000000,9639000000,13419000000,-5416000000,-6880000000,3228000000,1.4393
22/07/2016,1.52E+11,3.4474,16.5079,0.015202,0.060577,Q3-2016,9167537506,7646537506,0.195412,0.147083,0.301918,1.42,27.0956,4895000000,0.9748,0.4246,0.155602,0.025951,0.025779,0.2036,0.103365,0.108133,0.090764,5.62,56002000000,16908000000,90914000000,42768000000,20441000000,9639000000,13419000000,-5416000000,-6880000000,3228000000,1.4814
21/07/2016,1.53E+11,3.458,16.5586,0.015155,0.060392,Q3-2016,9167537506,7646537506,0.195412,0.147083,0.301918,1.42,27.0956,4895000000,0.9748,0.4246,0.155602,0.025951,0.025779,0.2036,0.103365,0.108133,0.090764,5.62,56002000000,16908000000,90914000000,42768000000,20441000000,9639000000,13419000000,-5416000000,-6880000000,3228000000,1.4814
20/07/2016,1.53E+11,3.4654,16.5941,0.015123,0.060263,Q3-2016,9167537506,7646537506,0.195412,0.147083,0.301918,1.42,27.0956,4895000000,0.9748,0.4246,0.155602,0.025951,0.025779,0.2036,0.103365,0.108133,0.090764,5.62,56002000000,16908000000,90914000000,42768000000,20441000000,9639000000,13419000000,-5416000000,-6880000000,3228000000,1.4814
19/07/2016,1.55E+11,3.5095,16.8052,0.014933,0.059505,Q3-2016,9167537506,7646537506,0.195412,0.147083,0.301918,1.42,27.0956,4895000000,0.9748,0.4246,0.155602,0.025951,0.025779,0.2036,0.103365,0.108133,0.090764,5.62,56002000000,16908000000,90914000000,42768000000,20441000000,9639000000,13419000000,-5416000000,-6880000000,3228000000,1.4814
18/07/2016,1.56E+11,3.5335,16.9201,0.014831,0.059101,Q3-2016,9167537506,7646537506,0.195412,0.147083,0.301918,1.42,27.0956,4895000000,0.9748,0.4246,0.155602,0.025951,0.025779,0.2036,0.103365,0.108133,0.090764,5.62,56002000000,16908000000,90914000000,42768000000,20441000000,9639000000,13419000000,-5416000000,-6880000000,3228000000,1.4814
15/07/2016,1.56E+11,3.5211,16.861,0.014883,0.059308,Q3-2016,9167537506,7646537506,0.195412,0.147083,0.301918,1.42,27.0956,4895000000,0.9748,0.4246,0.155602,0.025951,0.025779,0.2036,0.103365,0.108133,0.090764,5.62,56002000000,16908000000,90914000000,42768000000,20441000000,9639000000,13419000000,-5416000000,-6880000000,3228000000,1.4814
14/07/2016,1.56E+11,3.5271,16.8897,0.014858,0.059208,Q3-2016,9167537506,7646537506,0.195412,0.147083,0.301918,1.42,27.0956,4895000000,0.9748,0.4246,0.155602,0.025951,0.025779,0.2036,0.103365,0.108133,0.090764,5.62,56002000000,16908000000,90914000000,42768000000,20441000000,9639000000,13419000000,-5416000000,-6880000000,3228000000,1.4814
13/07/2016,1.56E+11,3.524,16.8745,0.014872,0.059261,Q3-2016,9167537506,7646537506,0.195412,0.147083,0.301918,1.42,27.0956,4895000000,0.9748,0.4246,0.155602,0.025951,0.025779,0.2036,0.103365,0.108133,0.090764,5.62,56002000000,16908000000,90914000000,42768000000,20441000000,9639000000,13419000000,-5416000000,-6880000000,3228000000,1.4814
12/07/2016,1.56E+11,3.5353,16.9286,0.014824,0.059072,Q3-2016,9167537506,7646537506,0.195412,0.147083,0.301918,1.42,27.0956,4895000000,0.9748,0.4246,0.155602,0.025951,0.025779,0.2036,0.103365,0.108133,0.090764,5.62,56002000000,16908000000,90914000000,42768000000,20441000000,9639000000,13419000000,-5416000000,-6880000000,3228000000,1.4814
11/07/2016,1.56E+11,3.5275,16.8914,0.014857,0.059202,Q3-2016,9167537506,7646537506,0.195412,0.147083,0.301918,1.42,27.0956,4895000000,0.9748,0.4246,0.155602,0.025951,0.025779,0.2036,0.103365,0.108133,0.090764,5.62,56002000000,16908000000,90914000000,42768000000,20441000000,9639000000,13419000000,-5416000000,-6880000000,3228000000,1.4814
08/07/2016,1.55E+11,3.5148,16.8306,0.01491,0.059416,Q3-2016,9167537506,7646537506,0.195412,0.147083,0.301918,1.42,27.0956,4895000000,0.9748,0.4246,0.155602,0.025951,0.025779,0.2036,0.103365,0.108133,0.090764,5.62,56002000000,16908000000,90914000000,42768000000,20441000000,9639000000,13419000000,-5416000000,-6880000000,3228000000,1.4814
07/07/2016,1.53E+11,3.4721,16.6262,0.015094,0.060146,Q3-2016,9167537506,7646537506,0.195412,0.147083,0.301918,1.42,27.0956,4895000000,0.9748,0.4246,0.155602,0.025951,0.025779,0.2036,0.103365,0.108133,0.090764,5.62,56002000000,16908000000,90914000000,42768000000,20441000000,9639000000,13419000000,-5416000000,-6880000000,3228000000,1.4814
06/07/2016,1.52E+11,3.4485,16.513,0.02697,0.060558,Q3-2016,9167537506,7646537506,0.195412,0.147083,0.301918,1.42,27.0956,4895000000,0.9748,0.4246,0.155602,0.025951,0.025779,0.2036,0.103365,0.108133,0.090764,5.62,56002000000,16908000000,90914000000,42768000000,20441000000,9639000000,13419000000,-5416000000,-6880000000,3228000000,1.4814
05/07/2016,1.51E+11,3.4208,16.3805,0.027188,0.061048,Q3-2016,9167537506,7646537506,0.195412,0.147083,0.301918,1.42,27.0956,4895000000,0.9748,0.4246,0.155602,0.025951,0.025779,0.2036,0.103365,0.108133,0.090764,5.62,56002000000,16908000000,90914000000,42768000000,20441000000,9639000000,13419000000,-5416000000,-6880000000,3228000000,1.4814
01/07/2016,1.53E+11,3.4644,16.7706,0.027085,0.059628,Q3-2016,9167537506,7646537506,0.195412,0.147083,0.301918,1.42,27.0956,4895000000,0.9748,0.4246,0.155602,0.025951,0.025779,0.2036,0.103365,0.108133,0.090764,5.62,56002000000,16908000000,90914000000,42768000000,20441000000,9639000000,13419000000,-5416000000,-6880000000,3228000000,1.4814
30/06/2016,1.53E+11,3.457,16.7347,0.027143,0.059756,Q2-2016,9015907138,6519907138,0.19573,0.142482,0.30128,1.37,26.8558,4916000000,0.9957,0.44,0.167742,0.042759,0.067546,0.2199,0.123297,0.108718,0.081231,5.48,54826000000,16518000000,90264000000,42254000000,21122000000,9566000000,12597000000,-5456000000,-5660000000,3247000000,1.4814
29/06/2016,1.51E+11,3.4273,16.591,0.027378,0.060274,Q2-2016,9015907138,6519907138,0.19573,0.142482,0.30128,1.37,26.8558,4916000000,0.9957,0.44,0.167742,0.042759,0.067546,0.2199,0.123297,0.108718,0.081231,5.48,54826000000,16518000000,90264000000,42254000000,21122000000,9566000000,12597000000,-5456000000,-5660000000,3247000000,1.4814
28/06/2016,1.50E+11,3.3945,16.4319,0.027644,0.060857,Q2-2016,9015907138,6519907138,0.19573,0.142482,0.30128,1.37,26.8558,4916000000,0.9957,0.44,0.167742,0.042759,0.067546,0.2199,0.123297,0.108718,0.081231,5.48,54826000000,16518000000,90264000000,42254000000,21122000000,9566000000,12597000000,-5456000000,-5660000000,3247000000,1.4814
27/06/2016,1.47E+11,3.3354,16.1462,0.028133,0.061934,Q2-2016,9015907138,6519907138,0.19573,0.142482,0.30128,1.37,26.8558,4916000000,0.9957,0.44,0.167742,0.042759,0.067546,0.2199,0.123297,0.108718,0.081231,5.48,54826000000,16518000000,90264000000,42254000000,21122000000,9566000000,12597000000,-5456000000,-5660000000,3247000000,1.4814
24/06/2016,1.49E+11,3.3828,16.3755,0.027739,0.061067,Q2-2016,9015907138,6519907138,0.19573,0.142482,0.30128,1.37,26.8558,4916000000,0.9957,0.44,0.167742,0.042759,0.067546,0.2199,0.123297,0.108718,0.081231,5.48,54826000000,16518000000,90264000000,42254000000,21122000000,9566000000,12597000000,-5456000000,-5660000000,3247000000,1.4814
23/06/2016,1.54E+11,3.4994,16.94,0.026814,0.059032,Q2-2016,9015907138,6519907138,0.19573,0.142482,0.30128,1.37,26.8558,4916000000,0.9957,0.44,0.167742,0.042759,0.067546,0.2199,0.123297,0.108718,0.081231,5.48,54826000000,16518000000,90264000000,42254000000,21122000000,9566000000,12597000000,-5456000000,-5660000000,3247000000,1.4814
22/06/2016,1.54E+11,3.4913,16.9007,0.026877,0.059169,Q2-2016,9015907138,6519907138,0.19573,0.142482,0.30128,1.37,26.8558,4916000000,0.9957,0.44,0.167742,0.042759,0.067546,0.2199,0.123297,0.108718,0.081231,5.48,54826000000,16518000000,90264000000,42254000000,21122000000,9566000000,12597000000,-5456000000,-5660000000,3247000000,1.4814
21/06/2016,1.54E+11,3.4923,16.9058,0.026869,0.059151,Q2-2016,9015907138,6519907138,0.19573,0.142482,0.30128,1.37,26.8558,4916000000,0.9957,0.44,0.167742,0.042759,0.067546,0.2199,0.123297,0.108718,0.081231,5.48,54826000000,16518000000,90264000000,42254000000,21122000000,9566000000,12597000000,-5456000000,-5660000000,3247000000,1.4742
20/06/2016,1.55E+11,3.5189,17.0341,0.026666,0.058706,Q2-2016,9015907138,6519907138,0.19573,0.142482,0.30128,1.37,26.8558,4916000000,0.9957,0.44,0.167742,0.042759,0.067546,0.2199,0.123297,0.108718,0.081231,5.48,54826000000,16518000000,90264000000,42254000000,21122000000,9566000000,12597000000,-5456000000,-5660000000,3247000000,1.4742
17/06/2016,1.54E+11,3.4987,16.9366,0.02682,0.059044,Q2-2016,9015907138,6519907138,0.19573,0.142482,0.30128,1.37,26.8558,4916000000,0.9957,0.44,0.167742,0.042759,0.067546,0.2199,0.123297,0.108718,0.081231,5.48,54826000000,16518000000,90264000000,42254000000,21122000000,9566000000,12597000000,-5456000000,-5660000000,3247000000,1.4742
16/06/2016,1.53E+11,3.4768,16.8305,0.026989,0.059416,Q2-2016,9015907138,6519907138,0.19573,0.142482,0.30128,1.37,26.8558,4916000000,0.9957,0.44,0.167742,0.042759,0.067546,0.2199,0.123297,0.108718,0.081231,5.48,54826000000,16518000000,90264000000,42254000000,21122000000,9566000000,12597000000,-5456000000,-5660000000,3247000000,1.4742
15/06/2016,1.53E+11,3.4729,16.8117,0.027019,0.059482,Q2-2016,9015907138,6519907138,0.19573,0.142482,0.30128,1.37,26.8558,4916000000,0.9957,0.44,0.167742,0.042759,0.067546,0.2199,0.123297,0.108718,0.081231,5.48,54826000000,16518000000,90264000000,42254000000,21122000000,9566000000,12597000000,-5456000000,-5660000000,3247000000,1.4742
14/06/2016,1.53E+11,3.4775,16.8339,0.026983,0.059404,Q2-2016,9015907138,6519907138,0.19573,0.142482,0.30128,1.37,26.8558,4916000000,0.9957,0.44,0.167742,0.042759,0.067546,0.2199,0.123297,0.108718,0.081231,5.48,54826000000,16518000000,90264000000,42254000000,21122000000,9566000000,12597000000,-5456000000,-5660000000,3247000000,1.4742
13/06/2016,1.52E+11,3.4482,16.692,0.027213,0.059909,Q2-2016,9015907138,6519907138,0.19573,0.142482,0.30128,1.37,26.8558,4916000000,0.9957,0.44,0.167742,0.042759,0.067546,0.2199,0.123297,0.108718,0.081231,5.48,54826000000,16518000000,90264000000,42254000000,21122000000,9566000000,12597000000,-5456000000,-5660000000,3247000000,1.4742
10/06/2016,1.52E+11,3.44,16.6526,0.027277,0.060051,Q2-2016,9015907138,6519907138,0.19573,0.142482,0.30128,1.37,26.8558,4916000000,0.9957,0.44,0.167742,0.042759,0.067546,0.2199,0.123297,0.108718,0.081231,5.48,54826000000,16518000000,90264000000,42254000000,21122000000,9566000000,12597000000,-5456000000,-5660000000,3247000000,1.4742
09/06/2016,1.53E+11,3.4577,16.7381,0.027138,0.059744,Q2-2016,9015907138,6519907138,0.19573,0.142482,0.30128,1.37,26.8558,4916000000,0.9957,0.44,0.167742,0.042759,0.067546,0.2199,0.123297,0.108718,0.081231,5.48,54826000000,16518000000,90264000000,42254000000,21122000000,9566000000,12597000000,-5456000000,-5660000000,3247000000,1.4742
08/06/2016,1.53E+11,3.4648,16.7724,0.027082,0.059622,Q2-2016,9015907138,6519907138,0.19573,0.142482,0.30128,1.37,26.8558,4916000000,0.9957,0.44,0.167742,0.042759,0.067546,0.2199,0.123297,0.108718,0.081231,5.48,54826000000,16518000000,90264000000,42254000000,21122000000,9566000000,12597000000,-5456000000,-5660000000,3247000000,1.4742
07/06/2016,1.53E+11,3.4757,16.8254,0.026997,0.059434,Q2-2016,9015907138,6519907138,0.19573,0.142482,0.30128,1.37,26.8558,4916000000,0.9957,0.44,0.167742,0.042759,0.067546,0.2199,0.123297,0.108718,0.081231,5.48,54826000000,16518000000,90264000000,42254000000,21122000000,9566000000,12597000000,-5456000000,-5660000000,3247000000,1.4742
06/06/2016,1.54E+11,3.4909,16.899,0.02688,0.059175,Q2-2016,9015907138,6519907138,0.19573,0.142482,0.30128,1.37,26.8558,4916000000,0.9957,0.44,0.167742,0.042759,0.067546,0.2199,0.123297,0.108718,0.081231,5.48,54826000000,16518000000,90264000000,42254000000,21122000000,9566000000,12597000000,-5456000000,-5660000000,3247000000,1.4742
03/06/2016,1.54E+11,3.4899,16.8938,0.026888,0.059193,Q2-2016,9015907138,6519907138,0.19573,0.142482,0.30128,1.37,26.8558,4916000000,0.9957,0.44,0.167742,0.042759,0.067546,0.2199,0.123297,0.108718,0.081231,5.48,54826000000,16518000000,90264000000,42254000000,21122000000,9566000000,12597000000,-5456000000,-5660000000,3247000000,1.4742
02/06/2016,1.54E+11,3.4888,16.8887,0.026896,0.059211,Q2-2016,9015907138,6519907138,0.19573,0.142482,0.30128,1.37,26.8558,4916000000,0.9957,0.44,0.167742,0.042759,0.067546,0.2199,0.123297,0.108718,0.081231,5.48,54826000000,16518000000,90264000000,42254000000,21122000000,9566000000,12597000000,-5456000000,-5660000000,3247000000,1.4742
01/06/2016,1.54E+11,3.4817,16.8545,0.02695,0.059331,Q2-2016,9015907138,6519907138,0.19573,0.142482,0.30128,1.37,26.8558,4916000000,0.9957,0.44,0.167742,0.042759,0.067546,0.2199,0.123297,0.108718,0.081231,5.48,54826000000,16518000000,90264000000,42254000000,21122000000,9566000000,12597000000,-5456000000,-5660000000,3247000000,1.4742
31/05/2016,1.55E+11,3.5065,16.9742,0.02676,0.058913,Q2-2016,9015907138,6519907138,0.19573,0.142482,0.30128,1.37,26.8558,4916000000,0.9957,0.44,0.167742,0.042759,0.067546,0.2199,0.123297,0.108718,0.081231,5.48,54826000000,16518000000,90264000000,42254000000,21122000000,9566000000,12597000000,-5456000000,-5660000000,3247000000,1.4742
27/05/2016,1.56E+11,3.5443,17.1573,0.026475,0.058284,Q2-2016,9015907138,6519907138,0.19573,0.142482,0.30128,1.37,26.8558,4916000000,0.9957,0.44,0.167742,0.042759,0.067546,0.2199,0.123297,0.108718,0.081231,5.48,54826000000,16518000000,90264000000,42254000000,21122000000,9566000000,12597000000,-5456000000,-5660000000,3247000000,1.4742
26/05/2016,1.56E+11,3.5273,17.0752,0.026602,0.058565,Q2-2016,9015907138,6519907138,0.19573,0.142482,0.30128,1.37,26.8558,4916000000,0.9957,0.44,0.167742,0.042759,0.067546,0.2199,0.123297,0.108718,0.081231,5.48,54826000000,16518000000,90264000000,42254000000,21122000000,9566000000,12597000000,-5456000000,-5660000000,3247000000,1.4742
25/05/2016,1.56E+11,3.5291,17.0837,0.026589,0.058535,Q2-2016,9015907138,6519907138,0.19573,0.142482,0.30128,1.37,26.8558,4916000000,0.9957,0.44,0.167742,0.042759,0.067546,0.2199,0.123297,0.108718,0.081231,5.48,54826000000,16518000000,90264000000,42254000000,21122000000,9566000000,12597000000,-5456000000,-5660000000,3247000000,1.4742
24/05/2016,1.55E+11,3.5167,17.0238,0.026682,0.058741,Q2-2016,9015907138,6519907138,0.19573,0.142482,0.30128,1.37,26.8558,4916000000,0.9957,0.44,0.167742,0.042759,0.067546,0.2199,0.123297,0.108718,0.081231,5.48,54826000000,16518000000,90264000000,42254000000,21122000000,9566000000,12597000000,-5456000000,-5660000000,3247000000,1.4742
23/05/2016,1.55E+11,3.5051,16.9674,0.026771,0.058937,Q2-2016,9015907138,6519907138,0.19573,0.142482,0.30128,1.37,26.8558,4916000000,0.9957,0.44,0.167742,0.042759,0.067546,0.2199,0.123297,0.108718,0.081231,5.48,54826000000,16518000000,90264000000,42254000000,21122000000,9566000000,12597000000,-5456000000,-5660000000,3247000000,1.4742
20/05/2016,1.56E+11,3.5263,17.07,0.02661,0.058582,Q2-2016,9015907138,6519907138,0.19573,0.142482,0.30128,1.37,26.8558,4916000000,0.9957,0.44,0.167742,0.042759,0.067546,0.2199,0.123297,0.108718,0.081231,5.48,54826000000,16518000000,90264000000,42254000000,21122000000,9566000000,12597000000,-5456000000,-5660000000,3247000000,1.4742
19/05/2016,1.53E+11,3.4779,16.8357,0.026981,0.059398,Q2-2016,9015907138,6519907138,0.19573,0.142482,0.30128,1.37,26.8558,4916000000,0.9957,0.44,0.167742,0.042759,0.067546,0.2199,0.123297,0.108718,0.081231,5.48,54826000000,16518000000,90264000000,42254000000,21122000000,9566000000,12597000000,-5456000000,-5660000000,3247000000,1.4779
18/05/2016,1.54E+11,3.4987,16.9366,0.02682,0.059044,Q2-2016,9015907138,6519907138,0.19573,0.142482,0.30128,1.37,26.8558,4916000000,0.9957,0.44,0.167742,0.042759,0.067546,0.2199,0.123297,0.108718,0.081231,5.48,54826000000,16518000000,90264000000,42254000000,21122000000,9566000000,12597000000,-5456000000,-5660000000,3247000000,1.4779
17/05/2016,1.56E+11,3.5319,17.0974,0.026568,0.058488,Q2-2016,9015907138,6519907138,0.19573,0.142482,0.30128,1.37,26.8558,4916000000,0.9957,0.44,0.167742,0.042759,0.067546,0.2199,0.123297,0.108718,0.081231,5.48,54826000000,16518000000,90264000000,42254000000,21122000000,9566000000,12597000000,-5456000000,-5660000000,3247000000,1.4779
16/05/2016,1.56E+11,3.5468,17.1693,0.026456,0.058244,Q2-2016,9015907138,6519907138,0.19573,0.142482,0.30128,1.37,26.8558,4916000000,0.9957,0.44,0.167742,0.042759,0.067546,0.2199,0.123297,0.108718,0.081231,5.48,54826000000,16518000000,90264000000,42254000000,21122000000,9566000000,12597000000,-5456000000,-5660000000,3247000000,1.4779
13/05/2016,1.57E+11,3.5524,17.1966,0.026414,0.058151,Q2-2016,9015907138,6519907138,0.19573,0.142482,0.30128,1.37,26.8558,4916000000,0.9957,0.44,0.167742,0.042759,0.067546,0.2199,0.123297,0.108718,0.081231,5.48,54826000000,16518000000,90264000000,42254000000,21122000000,9566000000,12597000000,-5456000000,-5660000000,3247000000,1.4779
12/05/2016,1.59E+11,3.5945,17.4002,0.026105,0.057471,Q2-2016,9015907138,6519907138,0.19573,0.142482,0.30128,1.37,26.8558,4916000000,0.9957,0.44,0.167742,0.042759,0.067546,0.2199,0.123297,0.108718,0.081231,5.48,54826000000,16518000000,90264000000,42254000000,21122000000,9566000000,12597000000,-5456000000,-5660000000,3247000000,1.4779
11/05/2016,1.60E+11,3.615,17.4994,0.025957,0.057145,Q2-2016,9015907138,6519907138,0.19573,0.142482,0.30128,1.37,26.8558,4916000000,0.9957,0.44,0.167742,0.042759,0.067546,0.2199,0.123297,0.108718,0.081231,5.48,54826000000,16518000000,90264000000,42254000000,21122000000,9566000000,12597000000,-5456000000,-5660000000,3247000000,1.4779
10/05/2016,1.66E+11,3.7673,18.2368,0.024908,0.054834,Q2-2016,9015907138,6519907138,0.19573,0.142482,0.30128,1.37,26.8558,4916000000,0.9957,0.44,0.167742,0.042759,0.067546,0.2199,0.123297,0.108718,0.081231,5.48,54826000000,16518000000,90264000000,42254000000,21122000000,9566000000,12597000000,-5456000000,-5660000000,3247000000,1.4779
09/05/2016,1.64E+11,3.7228,18.0212,0.025206,0.05549,Q2-2016,9015907138,6519907138,0.19573,0.142482,0.30128,1.37,26.8558,4916000000,0.9957,0.44,0.167742,0.042759,0.067546,0.2199,0.123297,0.108718,0.081231,5.48,54826000000,16518000000,90264000000,42254000000,21122000000,9566000000,12597000000,-5456000000,-5660000000,3247000000,1.4779
06/05/2016,1.65E+11,3.7298,18.0554,0.025158,0.055385,Q2-2016,9015907138,6519907138,0.19573,0.142482,0.30128,1.37,26.8558,4916000000,0.9957,0.44,0.167742,0.042759,0.067546,0.2199,0.123297,0.108718,0.081231,5.48,54826000000,16518000000,90264000000,42254000000,21122000000,9566000000,12597000000,-5456000000,-5660000000,3247000000,1.4779
05/05/2016,1.64E+11,3.7083,17.9511,0.025304,0.055707,Q2-2016,9015907138,6519907138,0.19573,0.142482,0.30128,1.37,26.8558,4916000000,0.9957,0.44,0.167742,0.042759,0.067546,0.2199,0.123297,0.108718,0.081231,5.48,54826000000,16518000000,90264000000,42254000000,21122000000,9566000000,12597000000,-5456000000,-5660000000,3247000000,1.4779
04/05/2016,1.62E+11,3.6637,17.7355,0.025612,0.056384,Q2-2016,9015907138,6519907138,0.19573,0.142482,0.30128,1.37,26.8558,4916000000,0.9957,0.44,0.167742,0.042759,0.067546,0.2199,0.123297,0.108718,0.081231,5.48,54826000000,16518000000,90264000000,42254000000,21122000000,9566000000,12597000000,-5456000000,-5660000000,3247000000,1.4779
03/05/2016,1.62E+11,3.6676,17.7543,0.025584,0.056324,Q2-2016,9015907138,6519907138,0.19573,0.142482,0.30128,1.37,26.8558,4916000000,0.9957,0.44,0.167742,0.042759,0.067546,0.2199,0.123297,0.108718,0.081231,5.48,54826000000,16518000000,90264000000,42254000000,21122000000,9566000000,12597000000,-5456000000,-5660000000,3247000000,1.4779
02/05/2016,1.63E+11,3.6881,17.8536,0.025442,0.056011,Q2-2016,9015907138,6519907138,0.19573,0.142482,0.30128,1.37,26.8558,4916000000,0.9957,0.44,0.167742,0.042759,0.067546,0.2199,0.123297,0.108718,0.081231,5.48,54826000000,16518000000,90264000000,42254000000,21122000000,9566000000,12597000000,-5456000000,-5660000000,3247000000,1.4779
29/04/2016,1.61E+11,3.6493,17.6654,0.025713,0.056608,Q2-2016,9015907138,6519907138,0.19573,0.142482,0.30128,1.37,26.8558,4916000000,0.9957,0.44,0.167742,0.042759,0.067546,0.2199,0.123297,0.108718,0.081231,5.48,54826000000,16518000000,90264000000,42254000000,21122000000,9566000000,12597000000,-5456000000,-5660000000,3247000000,1.4779
28/04/2016,1.62E+11,3.6765,17.7971,0.025523,0.056189,Q2-2016,9015907138,6519907138,0.19573,0.142482,0.30128,1.37,26.8558,4916000000,0.9957,0.44,0.167742,0.042759,0.067546,0.2199,0.123297,0.108718,0.081231,5.48,54826000000,16518000000,90264000000,42254000000,21122000000,9566000000,12597000000,-5456000000,-5660000000,3247000000,1.4779
27/04/2016,1.64E+11,3.7206,18.011,0.02522,0.055522,Q2-2016,9015907138,6519907138,0.19573,0.142482,0.30128,1.37,26.8558,4916000000,0.9957,0.44,0.167742,0.042759,0.067546,0.2199,0.123297,0.108718,0.081231,5.48,54826000000,16518000000,90264000000,42254000000,21122000000,9566000000,12597000000,-5456000000,-5660000000,3247000000,1.4779
26/04/2016,1.64E+11,3.7069,17.9442,0.025314,0.055728,Q2-2016,9015907138,6519907138,0.19573,0.142482,0.30128,1.37,26.8558,4916000000,0.9957,0.44,0.167742,0.042759,0.067546,0.2199,0.123297,0.108718,0.081231,5.48,54826000000,16518000000,90264000000,42254000000,21122000000,9566000000,12597000000,-5456000000,-5660000000,3247000000,1.4779
25/04/2016,1.63E+11,3.6956,17.8895,0.025391,0.055899,Q2-2016,9015907138,6519907138,0.19573,0.142482,0.30128,1.37,26.8558,4916000000,0.9957,0.44,0.167742,0.042759,0.067546,0.2199,0.123297,0.108718,0.081231,5.48,54826000000,16518000000,90264000000,42254000000,21122000000,9566000000,12597000000,-5456000000,-5660000000,3247000000,1.4779
22/04/2016,1.62E+11,3.6673,17.7526,0.025587,0.05633,Q2-2016,9015907138,6519907138,0.19573,0.142482,0.30128,1.37,26.8558,4916000000,0.9957,0.44,0.167742,0.042759,0.067546,0.2199,0.123297,0.108718,0.081231,5.48,54826000000,16518000000,90264000000,42254000000,21122000000,9566000000,12597000000,-5456000000,-5660000000,3247000000,1.4779
21/04/2016,1.60E+11,3.6369,17.6055,0.025801,0.0568,Q2-2016,9015907138,6519907138,0.19573,0.142482,0.30128,1.37,26.8558,4916000000,0.9957,0.44,0.167742,0.042759,0.067546,0.2199,0.123297,0.108718,0.081231,5.48,54826000000,16518000000,90264000000,42254000000,21122000000,9566000000,12597000000,-5456000000,-5660000000,3247000000,1.4779
20/04/2016,1.61E+11,3.6496,17.6671,0.025711,0.056602,Q2-2016,9015907138,6519907138,0.19573,0.142482,0.30128,1.37,26.8558,4916000000,0.9957,0.44,0.167742,0.042759,0.067546,0.2199,0.123297,0.108718,0.081231,5.48,54826000000,16518000000,90264000000,42254000000,21122000000,9566000000,12597000000,-5456000000,-5660000000,3247000000,1.4779
19/04/2016,1.60E+11,3.6273,17.5593,0.025869,0.05695,Q2-2016,9015907138,6519907138,0.19573,0.142482,0.30128,1.37,26.8558,4916000000,0.9957,0.44,0.167742,0.042759,0.067546,0.2199,0.123297,0.108718,0.081231,5.48,54826000000,16518000000,90264000000,42254000000,21122000000,9566000000,12597000000,-5456000000,-5660000000,3247000000,1.5347
18/04/2016,1.58E+11,3.5864,17.3609,0.026164,0.057601,Q2-2016,9015907138,6519907138,0.19573,0.142482,0.30128,1.37,26.8558,4916000000,0.9957,0.44,0.167742,0.042759,0.067546,0.2199,0.123297,0.108718,0.081231,5.48,54826000000,16518000000,90264000000,42254000000,21122000000,9566000000,12597000000,-5456000000,-5660000000,3247000000,1.5347
15/04/2016,1.54E+11,3.4842,16.8665,0.026931,0.059289,Q2-2016,9015907138,6519907138,0.19573,0.142482,0.30128,1.37,26.8558,4916000000,0.9957,0.44,0.167742,0.042759,0.067546,0.2199,0.123297,0.108718,0.081231,5.48,54826000000,16518000000,90264000000,42254000000,21122000000,9566000000,12597000000,-5456000000,-5660000000,3247000000,1.5347
14/04/2016,1.54E+11,3.4856,16.8733,0.02692,0.059265,Q2-2016,9015907138,6519907138,0.19573,0.142482,0.30128,1.37,26.8558,4916000000,0.9957,0.44,0.167742,0.042759,0.067546,0.2199,0.123297,0.108718,0.081231,5.48,54826000000,16518000000,90264000000,42254000000,21122000000,9566000000,12597000000,-5456000000,-5660000000,3247000000,1.5347
13/04/2016,1.55E+11,3.5157,17.0187,0.02669,0.058759,Q2-2016,9015907138,6519907138,0.19573,0.142482,0.30128,1.37,26.8558,4916000000,0.9957,0.44,0.167742,0.042759,0.067546,0.2199,0.123297,0.108718,0.081231,5.48,54826000000,16518000000,90264000000,42254000000,21122000000,9566000000,12597000000,-5456000000,-5660000000,3247000000,1.5347
12/04/2016,1.52E+11,3.4404,16.6543,0.027274,0.060044,Q2-2016,9015907138,6519907138,0.19573,0.142482,0.30128,1.37,26.8558,4916000000,0.9957,0.44,0.167742,0.042759,0.067546,0.2199,0.123297,0.108718,0.081231,5.48,54826000000,16518000000,90264000000,42254000000,21122000000,9566000000,12597000000,-5456000000,-5660000000,3247000000,1.5347
11/04/2016,1.50E+11,3.4022,16.4696,0.02758,0.060718,Q2-2016,9015907138,6519907138,0.19573,0.142482,0.30128,1.37,26.8558,4916000000,0.9957,0.44,0.167742,0.042759,0.067546,0.2199,0.123297,0.108718,0.081231,5.48,54826000000,16518000000,90264000000,42254000000,21122000000,9566000000,12597000000,-5456000000,-5660000000,3247000000,1.5347
08/04/2016,1.50E+11,3.4075,16.4952,0.027537,0.060624,Q2-2016,9015907138,6519907138,0.19573,0.142482,0.30128,1.37,26.8558,4916000000,0.9957,0.44,0.167742,0.042759,0.067546,0.2199,0.123297,0.108718,0.081231,5.48,54826000000,16518000000,90264000000,42254000000,21122000000,9566000000,12597000000,-5456000000,-5660000000,3247000000,1.5347
07/04/2016,1.50E+11,3.3983,16.4507,0.027612,0.060788,Q2-2016,9015907138,6519907138,0.19573,0.142482,0.30128,1.37,26.8558,4916000000,0.9957,0.44,0.167742,0.042759,0.067546,0.2199,0.123297,0.108718,0.081231,5.48,54826000000,16518000000,90264000000,42254000000,21122000000,9566000000,12597000000,-5456000000,-5660000000,3247000000,1.5347
06/04/2016,1.52E+11,3.445,16.6766,0.027238,0.059964,Q2-2016,9015907138,6519907138,0.19573,0.142482,0.30128,1.37,26.8558,4916000000,0.9957,0.44,0.167742,0.042759,0.067546,0.2199,0.123297,0.108718,0.081231,5.48,54826000000,16518000000,90264000000,42254000000,21122000000,9566000000,12597000000,-5456000000,-5660000000,3247000000,1.5347
05/04/2016,1.51E+11,3.428,16.5944,0.027373,0.060261,Q2-2016,9015907138,6519907138,0.19573,0.142482,0.30128,1.37,26.8558,4916000000,0.9957,0.44,0.167742,0.042759,0.067546,0.2199,0.123297,0.108718,0.081231,5.48,54826000000,16518000000,90264000000,42254000000,21122000000,9566000000,12597000000,-5456000000,-5660000000,3247000000,1.5347
04/04/2016,1.54E+11,3.4874,16.8818,0.026907,0.059235,Q2-2016,9015907138,6519907138,0.19573,0.142482,0.30128,1.37,26.8558,4916000000,0.9957,0.44,0.167742,0.042759,0.067546,0.2199,0.123297,0.108718,0.081231,5.48,54826000000,16518000000,90264000000,42254000000,21122000000,9566000000,12597000000,-5456000000,-5660000000,3247000000,1.5347
01/04/2016,1.57E+11,3.5679,17.2728,0.026801,0.057895,Q1-2016,8882143299,5955143299,0.19831,0.140129,0.29898,1.37,26.3537,4673000000,0.9453,0.3924,0.191111,0.051698,-0.121399,0.2101,0.1407,0.107453,0.088646,5.41,54318000000,16240000000,90121000000,41923000000,18915000000,9518000000,11986000000,-5052000000,-7260000000,3268000000,1.5347
31/03/2016,1.57E+11,3.5765,17.3146,0.026736,0.057755,Q1-2016,8882143299,5955143299,0.19831,0.140129,0.29898,1.37,26.3537,4673000000,0.9453,0.3924,0.191111,0.051698,-0.121399,0.2101,0.1407,0.107453,0.088646,5.41,54318000000,16240000000,90121000000,41923000000,18915000000,9518000000,11986000000,-5052000000,-7260000000,3268000000,1.5347
30/03/2016,1.57E+11,3.5621,17.2449,0.026844,0.057988,Q1-2016,8882143299,5955143299,0.19831,0.140129,0.29898,1.37,26.3537,4673000000,0.9453,0.3924,0.191111,0.051698,-0.121399,0.2101,0.1407,0.107453,0.088646,5.41,54318000000,16240000000,90121000000,41923000000,18915000000,9518000000,11986000000,-5052000000,-7260000000,3268000000,1.5347
29/03/2016,1.55E+11,3.5351,17.1141,0.027049,0.058431,Q1-2016,8882143299,5955143299,0.19831,0.140129,0.29898,1.37,26.3537,4673000000,0.9453,0.3924,0.191111,0.051698,-0.121399,0.2101,0.1407,0.107453,0.088646,5.41,54318000000,16240000000,90121000000,41923000000,18915000000,9518000000,11986000000,-5052000000,-7260000000,3268000000,1.5347
28/03/2016,1.55E+11,3.5326,17.1019,0.027069,0.058473,Q1-2016,8882143299,5955143299,0.19831,0.140129,0.29898,1.37,26.3537,4673000000,0.9453,0.3924,0.191111,0.051698,-0.121399,0.2101,0.1407,0.107453,0.088646,5.41,54318000000,16240000000,90121000000,41923000000,18915000000,9518000000,11986000000,-5052000000,-7260000000,3268000000,1.5347
24/03/2016,1.54E+11,3.5013,16.9502,0.027311,0.058996,Q1-2016,8882143299,5955143299,0.19831,0.140129,0.29898,1.37,26.3537,4673000000,0.9453,0.3924,0.191111,0.051698,-0.121399,0.2101,0.1407,0.107453,0.088646,5.41,54318000000,16240000000,90121000000,41923000000,18915000000,9518000000,11986000000,-5052000000,-7260000000,3268000000,1.5347
23/03/2016,1.53E+11,3.4872,16.8822,0.027421,0.059234,Q1-2016,8882143299,5955143299,0.19831,0.140129,0.29898,1.37,26.3537,4673000000,0.9453,0.3924,0.191111,0.051698,-0.121399,0.2101,0.1407,0.107453,0.088646,5.41,54318000000,16240000000,90121000000,41923000000,18915000000,9518000000,11986000000,-5052000000,-7260000000,3268000000,1.5347
22/03/2016,1.54E+11,3.5142,17.013,0.02721,0.058779,Q1-2016,8882143299,5955143299,0.19831,0.140129,0.29898,1.37,26.3537,4673000000,0.9453,0.3924,0.191111,0.051698,-0.121399,0.2101,0.1407,0.107453,0.088646,5.41,54318000000,16240000000,90121000000,41923000000,18915000000,9518000000,11986000000,-5052000000,-7260000000,3268000000,1.5347
21/03/2016,1.56E+11,3.5459,17.1664,0.026967,0.058253,Q1-2016,8882143299,5955143299,0.19831,0.140129,0.29898,1.37,26.3537,4673000000,0.9453,0.3924,0.191111,0.051698,-0.121399,0.2101,0.1407,0.107453,0.088646,5.41,54318000000,16240000000,90121000000,41923000000,18915000000,9518000000,11986000000,-5052000000,-7260000000,3268000000,1.5347
18/03/2016,1.57E+11,3.5726,17.2954,0.026766,0.057819,Q1-2016,8882143299,5955143299,0.19831,0.140129,0.29898,1.37,26.3537,4673000000,0.9453,0.3924,0.191111,0.051698,-0.121399,0.2101,0.1407,0.107453,0.088646,5.41,54318000000,16240000000,90121000000,41923000000,18915000000,9518000000,11986000000,-5052000000,-7260000000,3268000000,1.5
17/03/2016,1.58E+11,3.587,17.3652,0.026658,0.057586,Q1-2016,8882143299,5955143299,0.19831,0.140129,0.29898,1.37,26.3537,4673000000,0.9453,0.3924,0.191111,0.051698,-0.121399,0.2101,0.1407,0.107453,0.088646,5.41,54318000000,16240000000,90121000000,41923000000,18915000000,9518000000,11986000000,-5052000000,-7260000000,3268000000,1.5
16/03/2016,1.56E+11,3.5452,17.1629,0.026972,0.058265,Q1-2016,8882143299,5955143299,0.19831,0.140129,0.29898,1.37,26.3537,4673000000,0.9453,0.3924,0.191111,0.051698,-0.121399,0.2101,0.1407,0.107453,0.088646,5.41,54318000000,16240000000,90121000000,41923000000,18915000000,9518000000,11986000000,-5052000000,-7260000000,3268000000,1.5
15/03/2016,1.56E+11,3.538,17.1281,0.027027,0.058384,Q1-2016,8882143299,5955143299,0.19831,0.140129,0.29898,1.37,26.3537,4673000000,0.9453,0.3924,0.191111,0.051698,-0.121399,0.2101,0.1407,0.107453,0.088646,5.41,54318000000,16240000000,90121000000,41923000000,18915000000,9518000000,11986000000,-5052000000,-7260000000,3268000000,1.5
14/03/2016,1.56E+11,3.5585,17.2275,0.026871,0.058047,Q1-2016,8882143299,5955143299,0.19831,0.140129,0.29898,1.37,26.3537,4673000000,0.9453,0.3924,0.191111,0.051698,-0.121399,0.2101,0.1407,0.107453,0.088646,5.41,54318000000,16240000000,90121000000,41923000000,18915000000,9518000000,11986000000,-5052000000,-7260000000,3268000000,1.5
11/03/2016,1.55E+11,3.5272,17.0758,0.02711,0.058563,Q1-2016,8882143299,5955143299,0.19831,0.140129,0.29898,1.37,26.3537,4673000000,0.9453,0.3924,0.191111,0.051698,-0.121399,0.2101,0.1407,0.107453,0.088646,5.41,54318000000,16240000000,90121000000,41923000000,18915000000,9518000000,11986000000,-5052000000,-7260000000,3268000000,1.5
10/03/2016,1.54E+11,3.4948,16.9189,0.027361,0.059106,Q1-2016,8882143299,5955143299,0.19831,0.140129,0.29898,1.37,26.3537,4673000000,0.9453,0.3924,0.191111,0.051698,-0.121399,0.2101,0.1407,0.107453,0.088646,5.41,54318000000,16240000000,90121000000,41923000000,18915000000,9518000000,11986000000,-5052000000,-7260000000,3268000000,1.5
09/03/2016,1.55E+11,3.5171,17.027,0.027188,0.05873,Q1-2016,8882143299,5955143299,0.19831,0.140129,0.29898,1.37,26.3537,4673000000,0.9453,0.3924,0.191111,0.051698,-0.121399,0.2101,0.1407,0.107453,0.088646,5.41,54318000000,16240000000,90121000000,41923000000,18915000000,9518000000,11986000000,-5052000000,-7260000000,3268000000,1.5
08/03/2016,1.55E+11,3.5229,17.0548,0.027143,0.058634,Q1-2016,8882143299,5955143299,0.19831,0.140129,0.29898,1.37,26.3537,4673000000,0.9453,0.3924,0.191111,0.051698,-0.121399,0.2101,0.1407,0.107453,0.088646,5.41,54318000000,16240000000,90121000000,41923000000,18915000000,9518000000,11986000000,-5052000000,-7260000000,3268000000,1.5
07/03/2016,1.57E+11,3.5794,17.3286,0.026715,0.057708,Q1-2016,8882143299,5955143299,0.19831,0.140129,0.29898,1.37,26.3537,4673000000,0.9453,0.3924,0.191111,0.051698,-0.121399,0.2101,0.1407,0.107453,0.088646,5.41,54318000000,16240000000,90121000000,41923000000,18915000000,9518000000,11986000000,-5052000000,-7260000000,3268000000,1.5
04/03/2016,1.56E+11,3.5466,17.1699,0.026961,0.058241,Q1-2016,8882143299,5955143299,0.19831,0.140129,0.29898,1.37,26.3537,4673000000,0.9453,0.3924,0.191111,0.051698,-0.121399,0.2101,0.1407,0.107453,0.088646,5.41,54318000000,16240000000,90121000000,41923000000,18915000000,9518000000,11986000000,-5052000000,-7260000000,3268000000,1.5
03/03/2016,1.56E+11,3.5589,17.2292,0.026869,0.058041,Q1-2016,8882143299,5955143299,0.19831,0.140129,0.29898,1.37,26.3537,4673000000,0.9453,0.3924,0.191111,0.051698,-0.121399,0.2101,0.1407,0.107453,0.088646,5.41,54318000000,16240000000,90121000000,41923000000,18915000000,9518000000,11986000000,-5052000000,-7260000000,3268000000,1.5
02/03/2016,1.54E+11,3.4933,16.9119,0.027373,0.05913,Q1-2016,8882143299,5955143299,0.19831,0.140129,0.29898,1.37,26.3537,4673000000,0.9453,0.3924,0.191111,0.051698,-0.121399,0.2101,0.1407,0.107453,0.088646,5.41,54318000000,16240000000,90121000000,41923000000,18915000000,9518000000,11986000000,-5052000000,-7260000000,3268000000,1.5
01/03/2016,1.55E+11,3.5167,17.0252,0.027191,0.058736,Q1-2016,8882143299,5955143299,0.19831,0.140129,0.29898,1.37,26.3537,4673000000,0.9453,0.3924,0.191111,0.051698,-0.121399,0.2101,0.1407,0.107453,0.088646,5.41,54318000000,16240000000,90121000000,41923000000,18915000000,9518000000,11986000000,-5052000000,-7260000000,3268000000,1.5
29/02/2016,1.51E+11,3.44,16.6538,0.027797,0.060046,Q1-2016,8882143299,5955143299,0.19831,0.140129,0.29898,1.37,26.3537,4673000000,0.9453,0.3924,0.191111,0.051698,-0.121399,0.2101,0.1407,0.107453,0.088646,5.41,54318000000,16240000000,90121000000,41923000000,18915000000,9518000000,11986000000,-5052000000,-7260000000,3268000000,1.5
26/02/2016,1.51E+11,3.4325,16.6172,0.027858,0.060178,Q1-2016,8882143299,5955143299,0.19831,0.140129,0.29898,1.37,26.3537,4673000000,0.9453,0.3924,0.191111,0.051698,-0.121399,0.2101,0.1407,0.107453,0.088646,5.41,54318000000,16240000000,90121000000,41923000000,18915000000,9518000000,11986000000,-5052000000,-7260000000,3268000000,1.5
25/02/2016,1.51E+11,3.4447,16.6765,0.027759,0.059965,Q1-2016,8882143299,5955143299,0.19831,0.140129,0.29898,1.37,26.3537,4673000000,0.9453,0.3924,0.191111,0.051698,-0.121399,0.2101,0.1407,0.107453,0.088646,5.41,54318000000,16240000000,90121000000,41923000000,18915000000,9518000000,11986000000,-5052000000,-7260000000,3268000000,1.5
24/02/2016,1.51E+11,3.4368,16.6382,0.027823,0.060103,Q1-2016,8882143299,5955143299,0.19831,0.140129,0.29898,1.37,26.3537,4673000000,0.9453,0.3924,0.191111,0.051698,-0.121399,0.2101,0.1407,0.107453,0.088646,5.41,54318000000,16240000000,90121000000,41923000000,18915000000,9518000000,11986000000,-5052000000,-7260000000,3268000000,1.5
23/02/2016,1.51E+11,3.435,16.6294,0.027838,0.060134,Q1-2016,8882143299,5955143299,0.19831,0.140129,0.29898,1.37,26.3537,4673000000,0.9453,0.3924,0.191111,0.051698,-0.121399,0.2101,0.1407,0.107453,0.088646,5.41,54318000000,16240000000,90121000000,41923000000,18915000000,9518000000,11986000000,-5052000000,-7260000000,3268000000,1.5
22/02/2016,1.53E+11,3.4706,16.802,0.027552,0.059517,Q1-2016,8882143299,5955143299,0.19831,0.140129,0.29898,1.37,26.3537,4673000000,0.9453,0.3924,0.191111,0.051698,-0.121399,0.2101,0.1407,0.107453,0.088646,5.41,54318000000,16240000000,90121000000,41923000000,18915000000,9518000000,11986000000,-5052000000,-7260000000,3268000000,1.5
19/02/2016,1.50E+11,3.4217,16.5649,0.027946,0.060369,Q1-2016,8882143299,5955143299,0.19831,0.140129,0.29898,1.37,26.3537,4673000000,0.9453,0.3924,0.191111,0.051698,-0.121399,0.2101,0.1407,0.107453,0.088646,5.41,54318000000,16240000000,90121000000,41923000000,18915000000,9518000000,11986000000,-5052000000,-7260000000,3268000000,1.5
18/02/2016,1.51E+11,3.4274,16.5928,0.027899,0.060267,Q1-2016,8882143299,5955143299,0.19831,0.140129,0.29898,1.37,26.3537,4673000000,0.9453,0.3924,0.191111,0.051698,-0.121399,0.2101,0.1407,0.107453,0.088646,5.41,54318000000,16240000000,90121000000,41923000000,18915000000,9518000000,11986000000,-5052000000,-7260000000,3268000000,1.5
17/02/2016,1.51E+11,3.4393,16.6504,0.027803,0.060059,Q1-2016,8882143299,5955143299,0.19831,0.140129,0.29898,1.37,26.3537,4673000000,0.9453,0.3924,0.191111,0.051698,-0.121399,0.2101,0.1407,0.107453,0.088646,5.41,54318000000,16240000000,90121000000,41923000000,18915000000,9518000000,11986000000,-5052000000,-7260000000,3268000000,1.9273
16/02/2016,1.47E+11,3.346,16.1988,0.028578,0.061733,Q1-2016,8882143299,5955143299,0.19831,0.140129,0.29898,1.37,26.3537,4673000000,0.9453,0.3924,0.191111,0.051698,-0.121399,0.2101,0.1407,0.107453,0.088646,5.41,54318000000,16240000000,90121000000,41923000000,18915000000,9518000000,11986000000,-5052000000,-7260000000,3268000000,1.9273
12/02/2016,1.44E+11,3.2827,15.8919,0.02913,0.062925,Q1-2016,8882143299,5955143299,0.19831,0.140129,0.29898,1.37,26.3537,4673000000,0.9453,0.3924,0.191111,0.051698,-0.121399,0.2101,0.1407,0.107453,0.088646,5.41,54318000000,16240000000,90121000000,41923000000,18915000000,9518000000,11986000000,-5052000000,-7260000000,3268000000,1.9273
11/02/2016,1.43E+11,3.2524,15.7455,0.0294,0.06351,Q1-2016,8882143299,5955143299,0.19831,0.140129,0.29898,1.37,26.3537,4673000000,0.9453,0.3924,0.191111,0.051698,-0.121399,0.2101,0.1407,0.107453,0.088646,5.41,54318000000,16240000000,90121000000,41923000000,18915000000,9518000000,11986000000,-5052000000,-7260000000,3268000000,1.9273
10/02/2016,1.41E+11,3.1998,15.4909,0.029884,0.064554,Q1-2016,8882143299,5955143299,0.19831,0.140129,0.29898,1.37,26.3537,4673000000,0.9453,0.3924,0.191111,0.051698,-0.121399,0.2101,0.1407,0.107453,0.088646,5.41,54318000000,16240000000,90121000000,41923000000,18915000000,9518000000,11986000000,-5052000000,-7260000000,3268000000,1.9273
09/02/2016,1.46E+11,3.3248,16.0959,0.02876,0.062128,Q1-2016,8882143299,5955143299,0.19831,0.140129,0.29898,1.37,26.3537,4673000000,0.9453,0.3924,0.191111,0.051698,-0.121399,0.2101,0.1407,0.107453,0.088646,5.41,54318000000,16240000000,90121000000,41923000000,18915000000,9518000000,11986000000,-5052000000,-7260000000,3268000000,1.9273
08/02/2016,1.46E+11,3.3176,16.0611,0.028823,0.062262,Q1-2016,8882143299,5955143299,0.19831,0.140129,0.29898,1.37,26.3537,4673000000,0.9453,0.3924,0.191111,0.051698,-0.121399,0.2101,0.1407,0.107453,0.088646,5.41,54318000000,16240000000,90121000000,41923000000,18915000000,9518000000,11986000000,-5052000000,-7260000000,3268000000,1.9273
05/02/2016,1.49E+11,3.3817,16.3714,0.028276,0.061082,Q1-2016,8882143299,5955143299,0.19831,0.140129,0.29898,1.37,26.3537,4673000000,0.9453,0.3924,0.191111,0.051698,-0.121399,0.2101,0.1407,0.107453,0.088646,5.41,54318000000,16240000000,90121000000,41923000000,18915000000,9518000000,11986000000,-5052000000,-7260000000,3268000000,1.9273
04/02/2016,1.51E+11,3.4368,16.6382,0.027823,0.060103,Q1-2016,8882143299,5955143299,0.19831,0.140129,0.29898,1.37,26.3537,4673000000,0.9453,0.3924,0.191111,0.051698,-0.121399,0.2101,0.1407,0.107453,0.088646,5.41,54318000000,16240000000,90121000000,41923000000,18915000000,9518000000,11986000000,-5052000000,-7260000000,3268000000,1.9273
03/02/2016,1.51E+11,3.4263,16.5876,0.027908,0.060286,Q1-2016,8882143299,5955143299,0.19831,0.140129,0.29898,1.37,26.3537,4673000000,0.9453,0.3924,0.191111,0.051698,-0.121399,0.2101,0.1407,0.107453,0.088646,5.41,54318000000,16240000000,90121000000,41923000000,18915000000,9518000000,11986000000,-5052000000,-7260000000,3268000000,1.9273
02/02/2016,1.47E+11,3.3536,16.2354,0.028513,0.061594,Q1-2016,8882143299,5955143299,0.19831,0.140129,0.29898,1.37,26.3537,4673000000,0.9453,0.3924,0.191111,0.051698,-0.121399,0.2101,0.1407,0.107453,0.088646,5.41,54318000000,16240000000,90121000000,41923000000,18915000000,9518000000,11986000000,-5052000000,-7260000000,3268000000,1.9273
01/02/2016,1.51E+11,3.4267,16.5893,0.027905,0.06028,Q1-2016,8882143299,5955143299,0.19831,0.140129,0.29898,1.37,26.3537,4673000000,0.9453,0.3924,0.191111,0.051698,-0.121399,0.2101,0.1407,0.107453,0.088646,5.41,54318000000,16240000000,90121000000,41923000000,18915000000,9518000000,11986000000,-5052000000,-7260000000,3268000000,1.9273
29/01/2016,1.52E+11,3.4508,16.7061,0.02771,0.059858,Q1-2016,8882143299,5955143299,0.19831,0.140129,0.29898,1.37,26.3537,4673000000,0.9453,0.3924,0.191111,0.051698,-0.121399,0.2101,0.1407,0.107453,0.088646,5.41,54318000000,16240000000,90121000000,41923000000,18915000000,9518000000,11986000000,-5052000000,-7260000000,3268000000,1.9273
28/01/2016,1.48E+11,3.3684,16.3069,0.028388,0.061324,Q1-2016,8882143299,5955143299,0.19831,0.140129,0.29898,1.37,26.3537,4673000000,0.9453,0.3924,0.191111,0.051698,-0.121399,0.2101,0.1407,0.107453,0.088646,5.41,54318000000,16240000000,90121000000,41923000000,18915000000,9518000000,11986000000,-5052000000,-7260000000,3268000000,1.9273
27/01/2016,1.49E+11,3.3968,16.4446,0.028151,0.06081,Q1-2016,8882143299,5955143299,0.19831,0.140129,0.29898,1.37,26.3537,4673000000,0.9453,0.3924,0.191111,0.051698,-0.121399,0.2101,0.1407,0.107453,0.088646,5.41,54318000000,16240000000,90121000000,41923000000,18915000000,9518000000,11986000000,-5052000000,-7260000000,3268000000,1.9273
26/01/2016,1.52E+11,3.467,16.7846,0.02758,0.059578,Q1-2016,8882143299,5955143299,0.19831,0.140129,0.29898,1.37,26.3537,4673000000,0.9453,0.3924,0.191111,0.051698,-0.121399,0.2101,0.1407,0.107453,0.088646,5.41,54318000000,16240000000,90121000000,41923000000,18915000000,9518000000,11986000000,-5052000000,-7260000000,3268000000,1.9273
25/01/2016,1.51E+11,3.4317,16.6137,0.027864,0.060191,Q1-2016,8882143299,5955143299,0.19831,0.140129,0.29898,1.37,26.3537,4673000000,0.9453,0.3924,0.191111,0.051698,-0.121399,0.2101,0.1407,0.107453,0.088646,5.41,54318000000,16240000000,90121000000,41923000000,18915000000,9518000000,11986000000,-5052000000,-7260000000,3268000000,1.9273
22/01/2016,1.53E+11,3.4897,16.8944,0.027401,0.059191,Q1-2016,8882143299,5955143299,0.19831,0.140129,0.29898,1.37,26.3537,4673000000,0.9453,0.3924,0.191111,0.051698,-0.121399,0.2101,0.1407,0.107453,0.088646,5.41,54318000000,16240000000,90121000000,41923000000,18915000000,9518000000,11986000000,-5052000000,-7260000000,3268000000,1.9273
21/01/2016,1.49E+11,3.386,16.3923,0.02824,0.061004,Q1-2016,8882143299,5955143299,0.19831,0.140129,0.29898,1.37,26.3537,4673000000,0.9453,0.3924,0.191111,0.051698,-0.121399,0.2101,0.1407,0.107453,0.088646,5.41,54318000000,16240000000,90121000000,41923000000,18915000000,9518000000,11986000000,-5052000000,-7260000000,3268000000,1.9273
20/01/2016,1.46E+11,3.3327,16.1343,0.028692,0.06198,Q1-2016,8882143299,5955143299,0.19831,0.140129,0.29898,1.37,26.3537,4673000000,0.9453,0.3924,0.191111,0.051698,-0.121399,0.2101,0.1407,0.107453,0.088646,5.41,54318000000,16240000000,90121000000,41923000000,18915000000,9518000000,11986000000,-5052000000,-7260000000,3268000000,1.9273
19/01/2016,1.49E+11,3.3842,16.3836,0.028255,0.061037,Q1-2016,8882143299,5955143299,0.19831,0.140129,0.29898,1.37,26.3537,4673000000,0.9453,0.3924,0.191111,0.051698,-0.121399,0.2101,0.1407,0.107453,0.088646,5.41,54318000000,16240000000,90121000000,41923000000,18915000000,9518000000,11986000000,-5052000000,-7260000000,3268000000,1.9273
15/01/2016,1.49E+11,3.3817,16.3714,0.028276,0.061082,Q1-2016,8882143299,5955143299,0.19831,0.140129,0.29898,1.37,26.3537,4673000000,0.9453,0.3924,0.191111,0.051698,-0.121399,0.2101,0.1407,0.107453,0.088646,5.41,54318000000,16240000000,90121000000,41923000000,18915000000,9518000000,11986000000,-5052000000,-7260000000,3268000000,1.9273
14/01/2016,1.57E+11,3.5693,17.2798,0.02679,0.057871,Q1-2016,8882143299,5955143299,0.19831,0.140129,0.29898,1.37,26.3537,4673000000,0.9453,0.3924,0.191111,0.051698,-0.121399,0.2101,0.1407,0.107453,0.088646,5.41,54318000000,16240000000,90121000000,41923000000,18915000000,9518000000,11986000000,-5052000000,-7260000000,3268000000,1.9273
13/01/2016,1.56E+11,3.5466,17.1699,0.026961,0.058241,Q1-2016,8882143299,5955143299,0.19831,0.140129,0.29898,1.37,26.3537,4673000000,0.9453,0.3924,0.191111,0.051698,-0.121399,0.2101,0.1407,0.107453,0.088646,5.41,54318000000,16240000000,90121000000,41923000000,18915000000,9518000000,11986000000,-5052000000,-7260000000,3268000000,1.9119
12/01/2016,1.61E+11,3.654,17.6895,0.02617,0.056531,Q1-2016,8882143299,5955143299,0.19831,0.140129,0.29898,1.37,26.3537,4673000000,0.9453,0.3924,0.191111,0.051698,-0.121399,0.2101,0.1407,0.107453,0.088646,5.41,54318000000,16240000000,90121000000,41923000000,18915000000,9518000000,11986000000,-5052000000,-7260000000,3268000000,1.9119
11/01/2016,1.58E+11,3.5985,17.421,0.026573,0.057402,Q1-2016,8882143299,5955143299,0.19831,0.140129,0.29898,1.37,26.3537,4673000000,0.9453,0.3924,0.191111,0.051698,-0.121399,0.2101,0.1407,0.107453,0.088646,5.41,54318000000,16240000000,90121000000,41923000000,18915000000,9518000000,11986000000,-5052000000,-7260000000,3268000000,1.9119
08/01/2016,1.57E+11,3.5744,17.3042,0.026752,0.05779,Q1-2016,8882143299,5955143299,0.19831,0.140129,0.29898,1.37,26.3537,4673000000,0.9453,0.3924,0.191111,0.051698,-0.121399,0.2101,0.1407,0.107453,0.088646,5.41,54318000000,16240000000,90121000000,41923000000,18915000000,9518000000,11986000000,-5052000000,-7260000000,3268000000,1.9119
07/01/2016,1.58E+11,3.5834,17.3478,0.026685,0.057644,Q1-2016,8882143299,5955143299,0.19831,0.140129,0.29898,1.37,26.3537,4673000000,0.9453,0.3924,0.191111,0.051698,-0.121399,0.2101,0.1407,0.107453,0.088646,5.41,54318000000,16240000000,90121000000,41923000000,18915000000,9518000000,11986000000,-5052000000,-7260000000,3268000000,1.9119
06/01/2016,1.59E+11,3.6143,17.4977,0.026456,0.05715,Q1-2016,8882143299,5955143299,0.19831,0.140129,0.29898,1.37,26.3537,4673000000,0.9453,0.3924,0.191111,0.051698,-0.121399,0.2101,0.1407,0.107453,0.088646,5.41,54318000000,16240000000,90121000000,41923000000,18915000000,9518000000,11986000000,-5052000000,-7260000000,3268000000,1.9119
05/01/2016,1.60E+11,3.6338,17.5918,0.026315,0.056845,Q1-2016,8882143299,5955143299,0.19831,0.140129,0.29898,1.37,26.3537,4673000000,0.9453,0.3924,0.191111,0.051698,-0.121399,0.2101,0.1407,0.107453,0.088646,5.41,54318000000,16240000000,90121000000,41923000000,18915000000,9518000000,11986000000,-5052000000,-7260000000,3268000000,1.9119
04/01/2016,1.63E+11,3.7087,17.9545,0.025783,0.055696,Q1-2016,8882143299,5955143299,0.19831,0.140129,0.29898,1.37,26.3537,4673000000,0.9453,0.3924,0.191111,0.051698,-0.121399,0.2101,0.1407,0.107453,0.088646,5.41,54318000000,16240000000,90121000000,41923000000,18915000000,9518000000,11986000000,-5052000000,-7260000000,3268000000,1.9119
31/12/2015,1.70E+11,3.828,20.3341,0.025268,0.049179,Q4-2015,8407102106,6184102106,0.18283,0.13678,0.295912,1.81,26.0532,4265000000,1.026,0.3563,0.150235,0.039099,-0.011027,0.1973,0.105947,0.102737,0.074816,4.95,52465000000,15525000000,88182000000,39527000000,17336000000,8852000000,11385000000,-4245000000,-5801000000,2643000000,1.9119
30/12/2015,1.72E+11,3.8739,20.5779,0.024969,0.048596,Q4-2015,8407102106,6184102106,0.18283,0.13678,0.295912,1.81,26.0532,4265000000,1.026,0.3563,0.150235,0.039099,-0.011027,0.1973,0.105947,0.102737,0.074816,4.95,52465000000,15525000000,88182000000,39527000000,17336000000,8852000000,11385000000,-4245000000,-5801000000,2643000000,1.9119
29/12/2015,1.74E+11,3.9008,20.7211,0.024796,0.04826,Q4-2015,8407102106,6184102106,0.18283,0.13678,0.295912,1.81,26.0532,4265000000,1.026,0.3563,0.150235,0.039099,-0.011027,0.1973,0.105947,0.102737,0.074816,4.95,52465000000,15525000000,88182000000,39527000000,17336000000,8852000000,11385000000,-4245000000,-5801000000,2643000000,1.9119
28/12/2015,1.74E+11,3.907,20.754,0.024757,0.048183,Q4-2015,8407102106,6184102106,0.18283,0.13678,0.295912,1.81,26.0532,4265000000,1.026,0.3563,0.150235,0.039099,-0.011027,0.1973,0.105947,0.102737,0.074816,4.95,52465000000,15525000000,88182000000,39527000000,17336000000,8852000000,11385000000,-4245000000,-5801000000,2643000000,1.9119
24/12/2015,1.72E+11,3.8564,20.485,0.025082,0.048816,Q4-2015,8407102106,6184102106,0.18283,0.13678,0.295912,1.81,26.0532,4265000000,1.026,0.3563,0.150235,0.039099,-0.011027,0.1973,0.105947,0.102737,0.074816,4.95,52465000000,15525000000,88182000000,39527000000,17336000000,8852000000,11385000000,-4245000000,-5801000000,2643000000,1.9119
23/12/2015,1.71E+11,3.8455,20.427,0.025153,0.048955,Q4-2015,8407102106,6184102106,0.18283,0.13678,0.295912,1.81,26.0532,4265000000,1.026,0.3563,0.150235,0.039099,-0.011027,0.1973,0.105947,0.102737,0.074816,4.95,52465000000,15525000000,88182000000,39527000000,17336000000,8852000000,11385000000,-4245000000,-5801000000,2643000000,1.9119
22/12/2015,1.73E+11,3.8884,20.6553,0.024875,0.048414,Q4-2015,8407102106,6184102106,0.18283,0.13678,0.295912,1.81,26.0532,4265000000,1.026,0.3563,0.150235,0.039099,-0.011027,0.1973,0.105947,0.102737,0.074816,4.95,52465000000,15525000000,88182000000,39527000000,17336000000,8852000000,11385000000,-4245000000,-5801000000,2643000000,1.9119
21/12/2015,1.73E+11,3.883,20.6263,0.02491,0.048482,Q4-2015,8407102106,6184102106,0.18283,0.13678,0.295912,1.81,26.0532,4265000000,1.026,0.3563,0.150235,0.039099,-0.011027,0.1973,0.105947,0.102737,0.074816,4.95,52465000000,15525000000,88182000000,39527000000,17336000000,8852000000,11385000000,-4245000000,-5801000000,2643000000,1.9119
18/12/2015,1.75E+11,3.9241,20.8449,0.024649,0.047973,Q4-2015,8407102106,6184102106,0.18283,0.13678,0.295912,1.81,26.0532,4265000000,1.026,0.3563,0.150235,0.039099,-0.011027,0.1973,0.105947,0.102737,0.074816,4.95,52465000000,15525000000,88182000000,39527000000,17336000000,8852000000,11385000000,-4245000000,-5801000000,2643000000,1.9119
17/12/2015,1.82E+11,4.0804,21.6751,0.023705,0.046136,Q4-2015,8407102106,6184102106,0.18283,0.13678,0.295912,1.81,26.0532,4265000000,1.026,0.3563,0.150235,0.039099,-0.011027,0.1973,0.105947,0.102737,0.074816,4.95,52465000000,15525000000,88182000000,39527000000,17336000000,8852000000,11385000000,-4245000000,-5801000000,2643000000,1.9119
16/12/2015,1.85E+11,4.1453,22.0196,0.023334,0.045414,Q4-2015,8407102106,6184102106,0.18283,0.13678,0.295912,1.81,26.0532,4265000000,1.026,0.3563,0.150235,0.039099,-0.011027,0.1973,0.105947,0.102737,0.074816,4.95,52465000000,15525000000,88182000000,39527000000,17336000000,8852000000,11385000000,-4245000000,-5801000000,2643000000,1.9119
15/12/2015,1.82E+11,4.0859,21.7041,0.023673,0.046074,Q4-2015,8407102106,6184102106,0.18283,0.13678,0.295912,1.81,26.0532,4265000000,1.026,0.3563,0.150235,0.039099,-0.011027,0.1973,0.105947,0.102737,0.074816,4.95,52465000000,15525000000,88182000000,39527000000,17336000000,8852000000,11385000000,-4245000000,-5801000000,2643000000,1.9119
14/12/2015,1.77E+11,3.9835,21.1604,0.024281,0.047258,Q4-2015,8407102106,6184102106,0.18283,0.13678,0.295912,1.81,26.0532,4265000000,1.026,0.3563,0.150235,0.039099,-0.011027,0.1973,0.105947,0.102737,0.074816,4.95,52465000000,15525000000,88182000000,39527000000,17336000000,8852000000,11385000000,-4245000000,-5801000000,2643000000,1.8715
11/12/2015,1.75E+11,3.9358,20.9069,0.024576,0.047831,Q4-2015,8407102106,6184102106,0.18283,0.13678,0.295912,1.81,26.0532,4265000000,1.026,0.3563,0.150235,0.039099,-0.011027,0.1973,0.105947,0.102737,0.074816,4.95,52465000000,15525000000,88182000000,39527000000,17336000000,8852000000,11385000000,-4245000000,-5801000000,2643000000,1.8715
10/12/2015,1.80E+11,4.0349,21.4332,0.023972,0.046657,Q4-2015,8407102106,6184102106,0.18283,0.13678,0.295912,1.81,26.0532,4265000000,1.026,0.3563,0.150235,0.039099,-0.011027,0.1973,0.105947,0.102737,0.074816,4.95,52465000000,15525000000,88182000000,39527000000,17336000000,8852000000,11385000000,-4245000000,-5801000000,2643000000,1.8715
09/12/2015,1.80E+11,4.0349,21.4332,0.017218,0.046657,Q4-2015,8407102106,6184102106,0.18283,0.13678,0.295912,1.81,26.0532,4265000000,1.026,0.3563,0.150235,0.039099,-0.011027,0.1973,0.105947,0.102737,0.074816,4.95,52465000000,15525000000,88182000000,39527000000,17336000000,8852000000,11385000000,-4245000000,-5801000000,2643000000,1.8715
08/12/2015,1.81E+11,4.0714,21.6274,0.017064,0.046238,Q4-2015,8407102106,6184102106,0.18283,0.13678,0.295912,1.81,26.0532,4265000000,1.026,0.3563,0.150235,0.039099,-0.011027,0.1973,0.105947,0.102737,0.074816,4.95,52465000000,15525000000,88182000000,39527000000,17336000000,8852000000,11385000000,-4245000000,-5801000000,2643000000,1.8715
07/12/2015,1.83E+11,4.1203,21.887,0.016861,0.045689,Q4-2015,8407102106,6184102106,0.18283,0.13678,0.295912,1.81,26.0532,4265000000,1.026,0.3563,0.150235,0.039099,-0.011027,0.1973,0.105947,0.102737,0.074816,4.95,52465000000,15525000000,88182000000,39527000000,17336000000,8852000000,11385000000,-4245000000,-5801000000,2643000000,1.8715
04/12/2015,1.84E+11,4.1351,21.9658,0.016801,0.045525,Q4-2015,8407102106,6184102106,0.18283,0.13678,0.295912,1.81,26.0532,4265000000,1.026,0.3563,0.150235,0.039099,-0.011027,0.1973,0.105947,0.102737,0.074816,4.95,52465000000,15525000000,88182000000,39527000000,17336000000,8852000000,11385000000,-4245000000,-5801000000,2643000000,1.8715
03/12/2015,1.80E+11,4.0501,21.514,0.017153,0.046481,Q4-2015,8407102106,6184102106,0.18283,0.13678,0.295912,1.81,26.0532,4265000000,1.026,0.3563,0.150235,0.039099,-0.011027,0.1973,0.105947,0.102737,0.074816,4.95,52465000000,15525000000,88182000000,39527000000,17336000000,8852000000,11385000000,-4245000000,-5801000000,2643000000,1.8715
02/12/2015,1.84E+11,4.1265,21.9197,0.016836,0.045621,Q4-2015,8407102106,6184102106,0.18283,0.13678,0.295912,1.81,26.0532,4265000000,1.026,0.3563,0.150235,0.039099,-0.011027,0.1973,0.105947,0.102737,0.074816,4.95,52465000000,15525000000,88182000000,39527000000,17336000000,8852000000,11385000000,-4245000000,-5801000000,2643000000,1.8715
01/12/2015,1.86E+11,4.1768,22.1869,0.016633,0.045072,Q4-2015,8407102106,6184102106,0.18283,0.13678,0.295912,1.81,26.0532,4265000000,1.026,0.3563,0.150235,0.039099,-0.011027,0.1973,0.105947,0.102737,0.074816,4.95,52465000000,15525000000,88182000000,39527000000,17336000000,8852000000,11385000000,-4245000000,-5801000000,2643000000,1.8715
30/11/2015,1.83E+11,4.1073,21.8178,0.016915,0.045834,Q4-2015,8407102106,6184102106,0.18283,0.13678,0.295912,1.81,26.0532,4265000000,1.026,0.3563,0.150235,0.039099,-0.011027,0.1973,0.105947,0.102737,0.074816,4.95,52465000000,15525000000,88182000000,39527000000,17336000000,8852000000,11385000000,-4245000000,-5801000000,2643000000,1.8715
27/11/2015,1.86E+11,4.1674,22.137,0.016671,0.045173,Q4-2015,8407102106,6184102106,0.18283,0.13678,0.295912,1.81,26.0532,4265000000,1.026,0.3563,0.150235,0.039099,-0.011027,0.1973,0.105947,0.102737,0.074816,4.95,52465000000,15525000000,88182000000,39527000000,17336000000,8852000000,11385000000,-4245000000,-5801000000,2643000000,1.8715
25/11/2015,1.91E+11,4.2955,22.8176,0.016173,0.043826,Q4-2015,8407102106,6184102106,0.18283,0.13678,0.295912,1.81,26.0532,4265000000,1.026,0.3563,0.150235,0.039099,-0.011027,0.1973,0.105947,0.102737,0.074816,4.95,52465000000,15525000000,88182000000,39527000000,17336000000,8852000000,11385000000,-4245000000,-5801000000,2643000000,1.8715
24/11/2015,1.90E+11,4.2694,22.6792,0.016272,0.044093,Q4-2015,8407102106,6184102106,0.18283,0.13678,0.295912,1.81,26.0532,4265000000,1.026,0.3563,0.150235,0.039099,-0.011027,0.1973,0.105947,0.102737,0.074816,4.95,52465000000,15525000000,88182000000,39527000000,17336000000,8852000000,11385000000,-4245000000,-5801000000,2643000000,1.8715
23/11/2015,1.92E+11,4.3227,22.9618,0.016072,0.043551,Q4-2015,8407102106,6184102106,0.18283,0.13678,0.295912,1.81,26.0532,4265000000,1.026,0.3563,0.150235,0.039099,-0.011027,0.1973,0.105947,0.102737,0.074816,4.95,52465000000,15525000000,88182000000,39527000000,17336000000,8852000000,11385000000,-4245000000,-5801000000,2643000000,1.8715
20/11/2015,1.94E+11,4.3462,23.0868,0.015985,0.043315,Q4-2015,8407102106,6184102106,0.18283,0.13678,0.295912,1.81,26.0532,4265000000,1.026,0.3563,0.150235,0.039099,-0.011027,0.1973,0.105947,0.102737,0.074816,4.95,52465000000,15525000000,88182000000,39527000000,17336000000,8852000000,11385000000,-4245000000,-5801000000,2643000000,1.8715
19/11/2015,1.91E+11,4.297,22.8253,0.016168,0.043811,Q4-2015,8407102106,6184102106,0.18283,0.13678,0.295912,1.81,26.0532,4265000000,1.026,0.3563,0.150235,0.039099,-0.011027,0.1973,0.105947,0.102737,0.074816,4.95,52465000000,15525000000,88182000000,39527000000,17336000000,8852000000,11385000000,-4245000000,-5801000000,2643000000,1.8715
18/11/2015,1.90E+11,4.2763,22.7157,0.016246,0.044022,Q4-2015,8407102106,6184102106,0.18283,0.13678,0.295912,1.81,26.0532,4265000000,1.026,0.3563,0.150235,0.039099,-0.011027,0.1973,0.105947,0.102737,0.074816,4.95,52465000000,15525000000,88182000000,39527000000,17336000000,8852000000,11385000000,-4245000000,-5801000000,2643000000,1.8715
17/11/2015,1.87E+11,4.2036,22.3292,0.016527,0.044784,Q4-2015,8407102106,6184102106,0.18283,0.13678,0.295912,1.81,26.0532,4265000000,1.026,0.3563,0.150235,0.039099,-0.011027,0.1973,0.105947,0.102737,0.074816,4.95,52465000000,15525000000,88182000000,39527000000,17336000000,8852000000,11385000000,-4245000000,-5801000000,2643000000,1.8715
16/11/2015,1.87E+11,4.196,22.2889,0.016557,0.044865,Q4-2015,8407102106,6184102106,0.18283,0.13678,0.295912,1.81,26.0532,4265000000,1.026,0.3563,0.150235,0.039099,-0.011027,0.1973,0.105947,0.102737,0.074816,4.95,52465000000,15525000000,88182000000,39527000000,17336000000,8852000000,11385000000,-4245000000,-5801000000,2643000000,1.8715
13/11/2015,1.85E+11,4.1569,22.0812,0.016713,0.045287,Q4-2015,8407102106,6184102106,0.18283,0.13678,0.295912,1.81,26.0532,4265000000,1.026,0.3563,0.150235,0.039099,-0.011027,0.1973,0.105947,0.102737,0.074816,4.95,52465000000,15525000000,88182000000,39527000000,17336000000,8852000000,11385000000,-4245000000,-5801000000,2643000000,1.8715
12/11/2015,1.87E+11,4.2065,22.3446,0.016516,0.044754,Q4-2015,8407102106,6184102106,0.18283,0.13678,0.295912,1.81,26.0532,4265000000,1.026,0.3563,0.150235,0.039099,-0.011027,0.1973,0.105947,0.102737,0.074816,4.95,52465000000,15525000000,88182000000,39527000000,17336000000,8852000000,11385000000,-4245000000,-5801000000,2643000000,1.8715
11/11/2015,1.88E+11,4.2177,22.4042,0.016472,0.044634,Q4-2015,8407102106,6184102106,0.18283,0.13678,0.295912,1.81,26.0532,4265000000,1.026,0.3563,0.150235,0.039099,-0.011027,0.1973,0.105947,0.102737,0.074816,4.95,52465000000,15525000000,88182000000,39527000000,17336000000,8852000000,11385000000,-4245000000,-5801000000,2643000000,1.7439
10/11/2015,1.89E+11,4.2503,22.5773,0.016346,0.044292,Q4-2015,8407102106,6184102106,0.18283,0.13678,0.295912,1.81,26.0532,4265000000,1.026,0.3563,0.150235,0.039099,-0.011027,0.1973,0.105947,0.102737,0.074816,4.95,52465000000,15525000000,88182000000,39527000000,17336000000,8852000000,11385000000,-4245000000,-5801000000,2643000000,1.7439
09/11/2015,1.88E+11,4.2141,22.385,0.016486,0.044673,Q4-2015,8407102106,6184102106,0.18283,0.13678,0.295912,1.81,26.0532,4265000000,1.026,0.3563,0.150235,0.039099,-0.011027,0.1973,0.105947,0.102737,0.074816,4.95,52465000000,15525000000,88182000000,39527000000,17336000000,8852000000,11385000000,-4245000000,-5801000000,2643000000,1.7439
06/11/2015,1.86E+11,4.1869,22.2408,0.016593,0.044962,Q4-2015,8407102106,6184102106,0.18283,0.13678,0.295912,1.81,26.0532,4265000000,1.026,0.3563,0.150235,0.039099,-0.011027,0.1973,0.105947,0.102737,0.074816,4.95,52465000000,15525000000,88182000000,39527000000,17336000000,8852000000,11385000000,-4245000000,-5801000000,2643000000,1.7439
05/11/2015,1.82E+11,4.0903,21.7274,0.016985,0.046025,Q4-2015,8407102106,6184102106,0.18283,0.13678,0.295912,1.81,26.0532,4265000000,1.026,0.3563,0.150235,0.039099,-0.011027,0.1973,0.105947,0.102737,0.074816,4.95,52465000000,15525000000,88182000000,39527000000,17336000000,8852000000,11385000000,-4245000000,-5801000000,2643000000,1.7439
04/11/2015,1.83E+11,4.0993,21.7755,0.016947,0.045923,Q4-2015,8407102106,6184102106,0.18283,0.13678,0.295912,1.81,26.0532,4265000000,1.026,0.3563,0.150235,0.039099,-0.011027,0.1973,0.105947,0.102737,0.074816,4.95,52465000000,15525000000,88182000000,39527000000,17336000000,8852000000,11385000000,-4245000000,-5801000000,2643000000,1.7439
03/11/2015,1.86E+11,4.1822,22.2158,0.016612,0.045013,Q4-2015,8407102106,6184102106,0.18283,0.13678,0.295912,1.81,26.0532,4265000000,1.026,0.3563,0.150235,0.039099,-0.011027,0.1973,0.105947,0.102737,0.074816,4.95,52465000000,15525000000,88182000000,39527000000,17336000000,8852000000,11385000000,-4245000000,-5801000000,2643000000,1.7439
02/11/2015,1.85E+11,4.1641,22.1196,0.016684,0.045209,Q4-2015,8407102106,6184102106,0.18283,0.13678,0.295912,1.81,26.0532,4265000000,1.026,0.3563,0.150235,0.039099,-0.011027,0.1973,0.105947,0.102737,0.074816,4.95,52465000000,15525000000,88182000000,39527000000,17336000000,8852000000,11385000000,-4245000000,-5801000000,2643000000,1.7439
30/10/2015,1.83E+11,4.1171,21.8697,0.016874,0.045725,Q4-2015,8407102106,6184102106,0.18283,0.13678,0.295912,1.81,26.0532,4265000000,1.026,0.3563,0.150235,0.039099,-0.011027,0.1973,0.105947,0.102737,0.074816,4.95,52465000000,15525000000,88182000000,39527000000,17336000000,8852000000,11385000000,-4245000000,-5801000000,2643000000,1.7439
29/10/2015,1.85E+11,4.1641,22.1196,0.016684,0.045209,Q4-2015,8407102106,6184102106,0.18283,0.13678,0.295912,1.81,26.0532,4265000000,1.026,0.3563,0.150235,0.039099,-0.011027,0.1973,0.105947,0.102737,0.074816,4.95,52465000000,15525000000,88182000000,39527000000,17336000000,8852000000,11385000000,-4245000000,-5801000000,2643000000,1.7439
28/10/2015,1.84E+11,4.1388,21.9851,0.016786,0.045485,Q4-2015,8407102106,6184102106,0.18283,0.13678,0.295912,1.81,26.0532,4265000000,1.026,0.3563,0.150235,0.039099,-0.011027,0.1973,0.105947,0.102737,0.074816,4.95,52465000000,15525000000,88182000000,39527000000,17336000000,8852000000,11385000000,-4245000000,-5801000000,2643000000,1.7439
27/10/2015,1.83E+11,4.1181,21.8755,0.01687,0.045713,Q4-2015,8407102106,6184102106,0.18283,0.13678,0.295912,1.81,26.0532,4265000000,1.026,0.3563,0.150235,0.039099,-0.011027,0.1973,0.105947,0.102737,0.074816,4.95,52465000000,15525000000,88182000000,39527000000,17336000000,8852000000,11385000000,-4245000000,-5801000000,2643000000,1.7439
26/10/2015,1.83E+11,4.1091,21.8274,0.016907,0.045814,Q4-2015,8407102106,6184102106,0.18283,0.13678,0.295912,1.81,26.0532,4265000000,1.026,0.3563,0.150235,0.039099,-0.011027,0.1973,0.105947,0.102737,0.074816,4.95,52465000000,15525000000,88182000000,39527000000,17336000000,8852000000,11385000000,-4245000000,-5801000000,2643000000,1.7439
23/10/2015,1.82E+11,4.0935,21.7447,0.016971,0.045988,Q4-2015,8407102106,6184102106,0.18283,0.13678,0.295912,1.81,26.0532,4265000000,1.026,0.3563,0.150235,0.039099,-0.011027,0.1973,0.105947,0.102737,0.074816,4.95,52465000000,15525000000,88182000000,39527000000,17336000000,8852000000,11385000000,-4245000000,-5801000000,2643000000,1.7439
22/10/2015,1.83E+11,4.0993,21.7755,0.016947,0.045923,Q4-2015,8407102106,6184102106,0.18283,0.13678,0.295912,1.81,26.0532,4265000000,1.026,0.3563,0.150235,0.039099,-0.011027,0.1973,0.105947,0.102737,0.074816,4.95,52465000000,15525000000,88182000000,39527000000,17336000000,8852000000,11385000000,-4245000000,-5801000000,2643000000,1.7439
21/10/2015,1.77E+11,3.9849,21.1679,0.017434,0.047241,Q4-2015,8407102106,6184102106,0.18283,0.13678,0.295912,1.81,26.0532,4265000000,1.026,0.3563,0.150235,0.039099,-0.011027,0.1973,0.105947,0.102737,0.074816,4.95,52465000000,15525000000,88182000000,39527000000,17336000000,8852000000,11385000000,-4245000000,-5801000000,2643000000,1.7439
20/10/2015,1.77E+11,3.9759,21.1198,0.017474,0.047349,Q4-2015,8407102106,6184102106,0.18283,0.13678,0.295912,1.81,26.0532,4265000000,1.026,0.3563,0.150235,0.039099,-0.011027,0.1973,0.105947,0.102737,0.074816,4.95,52465000000,15525000000,88182000000,39527000000,17336000000,8852000000,11385000000,-4245000000,-5801000000,2643000000,1.7439
19/10/2015,1.76E+11,3.9625,21.0487,0.017533,0.047509,Q4-2015,8407102106,6184102106,0.18283,0.13678,0.295912,1.81,26.0532,4265000000,1.026,0.3563,0.150235,0.039099,-0.011027,0.1973,0.105947,0.102737,0.074816,4.95,52465000000,15525000000,88182000000,39527000000,17336000000,8852000000,11385000000,-4245000000,-5801000000,2643000000,1.7439
16/10/2015,1.74E+11,3.918,20.8122,0.017732,0.048049,Q4-2015,8407102106,6184102106,0.18283,0.13678,0.295912,1.81,26.0532,4265000000,1.026,0.3563,0.150235,0.039099,-0.011027,0.1973,0.105947,0.102737,0.074816,4.95,52465000000,15525000000,88182000000,39527000000,17336000000,8852000000,11385000000,-4245000000,-5801000000,2643000000,1.7439
15/10/2015,1.74E+11,3.9053,20.7449,0.017789,0.048205,Q4-2015,8407102106,6184102106,0.18283,0.13678,0.295912,1.81,26.0532,4265000000,1.026,0.3563,0.150235,0.039099,-0.011027,0.1973,0.105947,0.102737,0.074816,4.95,52465000000,15525000000,88182000000,39527000000,17336000000,8852000000,11385000000,-4245000000,-5801000000,2643000000,1.7439
14/10/2015,1.70E+11,3.8271,20.3295,0.018153,0.04919,Q4-2015,8407102106,6184102106,0.18283,0.13678,0.295912,1.81,26.0532,4265000000,1.026,0.3563,0.150235,0.039099,-0.011027,0.1973,0.105947,0.102737,0.074816,4.95,52465000000,15525000000,88182000000,39527000000,17336000000,8852000000,11385000000,-4245000000,-5801000000,2643000000,1.7439
13/10/2015,1.72E+11,3.8582,20.4949,0.018006,0.048793,Q4-2015,8407102106,6184102106,0.18283,0.13678,0.295912,1.81,26.0532,4265000000,1.026,0.3563,0.150235,0.039099,-0.011027,0.1973,0.105947,0.102737,0.074816,4.95,52465000000,15525000000,88182000000,39527000000,17336000000,8852000000,11385000000,-4245000000,-5801000000,2643000000,1.7439
12/10/2015,1.71E+11,3.8496,20.4488,0.018047,0.048903,Q4-2015,8407102106,6184102106,0.18283,0.13678,0.295912,1.81,26.0532,4265000000,1.026,0.3563,0.150235,0.039099,-0.011027,0.1973,0.105947,0.102737,0.074816,4.95,52465000000,15525000000,88182000000,39527000000,17336000000,8852000000,11385000000,-4245000000,-5801000000,2643000000,1.7439
09/10/2015,1.70E+11,3.821,20.2969,0.018182,0.049269,Q4-2015,8407102106,6184102106,0.18283,0.13678,0.295912,1.81,26.0532,4265000000,1.026,0.3563,0.150235,0.039099,-0.011027,0.1973,0.105947,0.102737,0.074816,4.95,52465000000,15525000000,88182000000,39527000000,17336000000,8852000000,11385000000,-4245000000,-5801000000,2643000000,1.7087
08/10/2015,1.69E+11,3.7866,20.1142,0.018347,0.049716,Q4-2015,8407102106,6184102106,0.18283,0.13678,0.295912,1.81,26.0532,4265000000,1.026,0.3563,0.150235,0.039099,-0.011027,0.1973,0.105947,0.102737,0.074816,4.95,52465000000,15525000000,88182000000,39527000000,17336000000,8852000000,11385000000,-4245000000,-5801000000,2643000000,1.7087
07/10/2015,1.67E+11,3.7424,19.8796,0.018564,0.050303,Q4-2015,8407102106,6184102106,0.18283,0.13678,0.295912,1.81,26.0532,4265000000,1.026,0.3563,0.150235,0.039099,-0.011027,0.1973,0.105947,0.102737,0.074816,4.95,52465000000,15525000000,88182000000,39527000000,17336000000,8852000000,11385000000,-4245000000,-5801000000,2643000000,1.7087
06/10/2015,1.67E+11,3.7562,19.9527,0.018496,0.050119,Q4-2015,8407102106,6184102106,0.18283,0.13678,0.295912,1.81,26.0532,4265000000,1.026,0.3563,0.150235,0.039099,-0.011027,0.1973,0.105947,0.102737,0.074816,4.95,52465000000,15525000000,88182000000,39527000000,17336000000,8852000000,11385000000,-4245000000,-5801000000,2643000000,1.7087
05/10/2015,1.67E+11,3.7591,19.9681,0.018481,0.05008,Q4-2015,8407102106,6184102106,0.18283,0.13678,0.295912,1.81,26.0532,4265000000,1.026,0.3563,0.150235,0.039099,-0.011027,0.1973,0.105947,0.102737,0.074816,4.95,52465000000,15525000000,88182000000,39527000000,17336000000,8852000000,11385000000,-4245000000,-5801000000,2643000000,1.7087
02/10/2015,1.66E+11,3.5727,20.0915,0.018634,0.049772,Q3-2015,8265369248,7454369248,0.176273,0.100657,0.287094,1.81,27.1882,4124000000,1.1137,0.3024,0.158654,0.014031,0.938353,0.1745,0.102752,0.102122,0.069803,4.85,51342000000,14740000000,87367000000,36860000000,15273000000,8736000000,10686000000,-4108000000,-5861000000,2694000000,1.7087
01/10/2015,1.66E+11,3.5612,20.0271,0.018694,0.049932,Q3-2015,8265369248,7454369248,0.176273,0.100657,0.287094,1.81,27.1882,4124000000,1.1137,0.3024,0.158654,0.014031,0.938353,0.1745,0.102752,0.102122,0.069803,4.85,51342000000,14740000000,87367000000,36860000000,15273000000,8736000000,10686000000,-4108000000,-5861000000,2694000000,1.7087
30/09/2015,1.65E+11,3.5449,19.9354,0.01878,0.050162,Q3-2015,8265369248,7454369248,0.176273,0.100657,0.287094,1.81,27.1882,4124000000,1.1137,0.3024,0.158654,0.014031,0.938353,0.1745,0.102752,0.102122,0.069803,4.85,51342000000,14740000000,87367000000,36860000000,15273000000,8736000000,10686000000,-4108000000,-5861000000,2694000000,1.7087
29/09/2015,1.60E+11,3.4485,19.3931,0.019305,0.051565,Q3-2015,8265369248,7454369248,0.176273,0.100657,0.287094,1.81,27.1882,4124000000,1.1137,0.3024,0.158654,0.014031,0.938353,0.1745,0.102752,0.102122,0.069803,4.85,51342000000,14740000000,87367000000,36860000000,15273000000,8736000000,10686000000,-4108000000,-5861000000,2694000000,1.7087
28/09/2015,1.59E+11,3.4162,19.2117,0.019487,0.052052,Q3-2015,8265369248,7454369248,0.176273,0.100657,0.287094,1.81,27.1882,4124000000,1.1137,0.3024,0.158654,0.014031,0.938353,0.1745,0.102752,0.102122,0.069803,4.85,51342000000,14740000000,87367000000,36860000000,15273000000,8736000000,10686000000,-4108000000,-5861000000,2694000000,1.7087
25/09/2015,1.62E+11,3.479,19.5648,0.019136,0.051112,Q3-2015,8265369248,7454369248,0.176273,0.100657,0.287094,1.81,27.1882,4124000000,1.1137,0.3024,0.158654,0.014031,0.938353,0.1745,0.102752,0.102122,0.069803,4.85,51342000000,14740000000,87367000000,36860000000,15273000000,8736000000,10686000000,-4108000000,-5861000000,2694000000,1.7087
24/09/2015,1.62E+11,3.4901,19.6272,0.019075,0.05095,Q3-2015,8265369248,7454369248,0.176273,0.100657,0.287094,1.81,27.1882,4124000000,1.1137,0.3024,0.158654,0.014031,0.938353,0.1745,0.102752,0.102122,0.069803,4.85,51342000000,14740000000,87367000000,36860000000,15273000000,8736000000,10686000000,-4108000000,-5861000000,2694000000,1.7087
23/09/2015,1.64E+11,3.5231,19.8125,0.018896,0.050473,Q3-2015,8265369248,7454369248,0.176273,0.100657,0.287094,1.81,27.1882,4124000000,1.1137,0.3024,0.158654,0.014031,0.938353,0.1745,0.102752,0.102122,0.069803,4.85,51342000000,14740000000,87367000000,36860000000,15273000000,8736000000,10686000000,-4108000000,-5861000000,2694000000,1.7087
22/09/2015,1.65E+11,3.555,19.992,0.018727,0.05002,Q3-2015,8265369248,7454369248,0.176273,0.100657,0.287094,1.81,27.1882,4124000000,1.1137,0.3024,0.158654,0.014031,0.938353,0.1745,0.102752,0.102122,0.069803,4.85,51342000000,14740000000,87367000000,36860000000,15273000000,8736000000,10686000000,-4108000000,-5861000000,2694000000,1.7087
21/09/2015,1.67E+11,3.5869,20.1714,0.01856,0.049575,Q3-2015,8265369248,7454369248,0.176273,0.100657,0.287094,1.81,27.1882,4124000000,1.1137,0.3024,0.158654,0.014031,0.938353,0.1745,0.102752,0.102122,0.069803,4.85,51342000000,14740000000,87367000000,36860000000,15273000000,8736000000,10686000000,-4108000000,-5861000000,2694000000,1.7087
18/09/2015,1.66E+11,3.5671,20.0603,0.018663,0.04985,Q3-2015,8265369248,7454369248,0.176273,0.100657,0.287094,1.81,27.1882,4124000000,1.1137,0.3024,0.158654,0.014031,0.938353,0.1745,0.102752,0.102122,0.069803,4.85,51342000000,14740000000,87367000000,36860000000,15273000000,8736000000,10686000000,-4108000000,-5861000000,2694000000,1.7087
17/09/2015,1.68E+11,3.6143,20.3255,0.018419,0.049199,Q3-2015,8265369248,7454369248,0.176273,0.100657,0.287094,1.81,27.1882,4124000000,1.1137,0.3024,0.158654,0.014031,0.938353,0.1745,0.102752,0.102122,0.069803,4.85,51342000000,14740000000,87367000000,36860000000,15273000000,8736000000,10686000000,-4108000000,-5861000000,2694000000,1.7087
16/09/2015,1.68E+11,3.606,20.2787,0.018462,0.049313,Q3-2015,8265369248,7454369248,0.176273,0.100657,0.287094,1.81,27.1882,4124000000,1.1137,0.3024,0.158654,0.014031,0.938353,0.1745,0.102752,0.102122,0.069803,4.85,51342000000,14740000000,87367000000,36860000000,15273000000,8736000000,10686000000,-4108000000,-5861000000,2694000000,1.7087
15/09/2015,1.67E+11,3.5876,20.1753,0.018557,0.049565,Q3-2015,8265369248,7454369248,0.176273,0.100657,0.287094,1.81,27.1882,4124000000,1.1137,0.3024,0.158654,0.014031,0.938353,0.1745,0.102752,0.102122,0.069803,4.85,51342000000,14740000000,87367000000,36860000000,15273000000,8736000000,10686000000,-4108000000,-5861000000,2694000000,1.7087
14/09/2015,1.68E+11,3.6011,20.2514,0.018487,0.049379,Q3-2015,8265369248,7454369248,0.176273,0.100657,0.287094,1.81,27.1882,4124000000,1.1137,0.3024,0.158654,0.014031,0.938353,0.1745,0.102752,0.102122,0.069803,4.85,51342000000,14740000000,87367000000,36860000000,15273000000,8736000000,10686000000,-4108000000,-5861000000,2694000000,1.7087
11/09/2015,1.69E+11,3.624,20.3802,0.01837,0.049067,Q3-2015,8265369248,7454369248,0.176273,0.100657,0.287094,1.81,27.1882,4124000000,1.1137,0.3024,0.158654,0.014031,0.938353,0.1745,0.102752,0.102122,0.069803,4.85,51342000000,14740000000,87367000000,36860000000,15273000000,8736000000,10686000000,-4108000000,-5861000000,2694000000,1.9857
10/09/2015,1.66E+11,3.5588,20.0134,0.018707,0.049966,Q3-2015,8265369248,7454369248,0.176273,0.100657,0.287094,1.81,27.1882,4124000000,1.1137,0.3024,0.158654,0.014031,0.938353,0.1745,0.102752,0.102122,0.069803,4.85,51342000000,14740000000,87367000000,36860000000,15273000000,8736000000,10686000000,-4108000000,-5861000000,2694000000,1.9857
09/09/2015,1.64E+11,3.5349,19.8788,0.018833,0.050305,Q3-2015,8265369248,7454369248,0.176273,0.100657,0.287094,1.81,27.1882,4124000000,1.1137,0.3024,0.158654,0.014031,0.938353,0.1745,0.102752,0.102122,0.069803,4.85,51342000000,14740000000,87367000000,36860000000,15273000000,8736000000,10686000000,-4108000000,-5861000000,2694000000,1.9857
08/09/2015,1.68E+11,3.6077,20.2885,0.018453,0.049289,Q3-2015,8265369248,7454369248,0.176273,0.100657,0.287094,1.81,27.1882,4124000000,1.1137,0.3024,0.158654,0.014031,0.938353,0.1745,0.102752,0.102122,0.069803,4.85,51342000000,14740000000,87367000000,36860000000,15273000000,8736000000,10686000000,-4108000000,-5861000000,2694000000,1.9857
04/09/2015,1.63E+11,3.5022,19.6955,0.019009,0.050773,Q3-2015,8265369248,7454369248,0.176273,0.100657,0.287094,1.81,27.1882,4124000000,1.1137,0.3024,0.158654,0.014031,0.938353,0.1745,0.102752,0.102122,0.069803,4.85,51342000000,14740000000,87367000000,36860000000,15273000000,8736000000,10686000000,-4108000000,-5861000000,2694000000,1.9857
03/09/2015,1.65E+11,3.5376,19.8945,0.018819,0.050265,Q3-2015,8265369248,7454369248,0.176273,0.100657,0.287094,1.81,27.1882,4124000000,1.1137,0.3024,0.158654,0.014031,0.938353,0.1745,0.102752,0.102122,0.069803,4.85,51342000000,14740000000,87367000000,36860000000,15273000000,8736000000,10686000000,-4108000000,-5861000000,2694000000,1.9857
02/09/2015,1.64E+11,3.5342,19.8749,0.018837,0.050315,Q3-2015,8265369248,7454369248,0.176273,0.100657,0.287094,1.81,27.1882,4124000000,1.1137,0.3024,0.158654,0.014031,0.938353,0.1745,0.102752,0.102122,0.069803,4.85,51342000000,14740000000,87367000000,36860000000,15273000000,8736000000,10686000000,-4108000000,-5861000000,2694000000,1.9857
01/09/2015,1.61E+11,3.4516,19.4107,0.019288,0.051518,Q3-2015,8265369248,7454369248,0.176273,0.100657,0.287094,1.81,27.1882,4124000000,1.1137,0.3024,0.158654,0.014031,0.938353,0.1745,0.102752,0.102122,0.069803,4.85,51342000000,14740000000,87367000000,36860000000,15273000000,8736000000,10686000000,-4108000000,-5861000000,2694000000,1.9857
31/08/2015,1.64E+11,3.5338,19.873,0.018839,0.05032,Q3-2015,8265369248,7454369248,0.176273,0.100657,0.287094,1.81,27.1882,4124000000,1.1137,0.3024,0.158654,0.014031,0.938353,0.1745,0.102752,0.102122,0.069803,4.85,51342000000,14740000000,87367000000,36860000000,15273000000,8736000000,10686000000,-4108000000,-5861000000,2694000000,1.9857
28/08/2015,1.65E+11,3.5546,19.99,0.018729,0.050025,Q3-2015,8265369248,7454369248,0.176273,0.100657,0.287094,1.81,27.1882,4124000000,1.1137,0.3024,0.158654,0.014031,0.938353,0.1745,0.102752,0.102122,0.069803,4.85,51342000000,14740000000,87367000000,36860000000,15273000000,8736000000,10686000000,-4108000000,-5861000000,2694000000,1.9857
27/08/2015,1.65E+11,3.5439,19.9296,0.018785,0.050177,Q3-2015,8265369248,7454369248,0.176273,0.100657,0.287094,1.81,27.1882,4124000000,1.1137,0.3024,0.158654,0.014031,0.938353,0.1745,0.102752,0.102122,0.069803,4.85,51342000000,14740000000,87367000000,36860000000,15273000000,8736000000,10686000000,-4108000000,-5861000000,2694000000,1.9857
26/08/2015,1.60E+11,3.4419,19.3561,0.019342,0.051663,Q3-2015,8265369248,7454369248,0.176273,0.100657,0.287094,1.81,27.1882,4124000000,1.1137,0.3024,0.158654,0.014031,0.938353,0.1745,0.102752,0.102122,0.069803,4.85,51342000000,14740000000,87367000000,36860000000,15273000000,8736000000,10686000000,-4108000000,-5861000000,2694000000,1.9857
25/08/2015,1.55E+11,3.326,18.7046,0.020016,0.053463,Q3-2015,8265369248,7454369248,0.176273,0.100657,0.287094,1.81,27.1882,4124000000,1.1137,0.3024,0.158654,0.014031,0.938353,0.1745,0.102752,0.102122,0.069803,4.85,51342000000,14740000000,87367000000,36860000000,15273000000,8736000000,10686000000,-4108000000,-5861000000,2694000000,1.9857
24/08/2015,1.54E+11,3.3077,18.6012,0.020127,0.05376,Q3-2015,8265369248,7454369248,0.176273,0.100657,0.287094,1.81,27.1882,4124000000,1.1137,0.3024,0.158654,0.014031,0.938353,0.1745,0.102752,0.102122,0.069803,4.85,51342000000,14740000000,87367000000,36860000000,15273000000,8736000000,10686000000,-4108000000,-5861000000,2694000000,1.9857
21/08/2015,1.59E+11,3.4284,19.28,0.019418,0.051867,Q3-2015,8265369248,7454369248,0.176273,0.100657,0.287094,1.81,27.1882,4124000000,1.1137,0.3024,0.158654,0.014031,0.938353,0.1745,0.102752,0.102122,0.069803,4.85,51342000000,14740000000,87367000000,36860000000,15273000000,8736000000,10686000000,-4108000000,-5861000000,2694000000,1.9857
20/08/2015,1.61E+11,3.4693,19.5102,0.019189,0.051255,Q3-2015,8265369248,7454369248,0.176273,0.100657,0.287094,1.81,27.1882,4124000000,1.1137,0.3024,0.158654,0.014031,0.938353,0.1745,0.102752,0.102122,0.069803,4.85,51342000000,14740000000,87367000000,36860000000,15273000000,8736000000,10686000000,-4108000000,-5861000000,2694000000,1.9857
19/08/2015,1.72E+11,3.6923,20.7644,0.01803,0.048159,Q3-2015,8265369248,7454369248,0.176273,0.100657,0.287094,1.81,27.1882,4124000000,1.1137,0.3024,0.158654,0.014031,0.938353,0.1745,0.102752,0.102122,0.069803,4.85,51342000000,14740000000,87367000000,36860000000,15273000000,8736000000,10686000000,-4108000000,-5861000000,2694000000,1.9857
18/08/2015,1.73E+11,3.7093,20.86,0.017947,0.047939,Q3-2015,8265369248,7454369248,0.176273,0.100657,0.287094,1.81,27.1882,4124000000,1.1137,0.3024,0.158654,0.014031,0.938353,0.1745,0.102752,0.102122,0.069803,4.85,51342000000,14740000000,87367000000,36860000000,15273000000,8736000000,10686000000,-4108000000,-5861000000,2694000000,1.9857
17/08/2015,1.76E+11,3.7825,21.2716,0.0176,0.047011,Q3-2015,8265369248,7454369248,0.176273,0.100657,0.287094,1.81,27.1882,4124000000,1.1137,0.3024,0.158654,0.014031,0.938353,0.1745,0.102752,0.102122,0.069803,4.85,51342000000,14740000000,87367000000,36860000000,15273000000,8736000000,10686000000,-4108000000,-5861000000,2694000000,1.9857
14/08/2015,1.73E+11,3.717,20.9029,0.017911,0.04784,Q3-2015,8265369248,7454369248,0.176273,0.100657,0.287094,1.81,27.1882,4124000000,1.1137,0.3024,0.158654,0.014031,0.938353,0.1745,0.102752,0.102122,0.069803,4.85,51342000000,14740000000,87367000000,36860000000,15273000000,8736000000,10686000000,-4108000000,-5861000000,2694000000,1.9857
13/08/2015,1.73E+11,3.7294,20.9732,0.017851,0.04768,Q3-2015,8265369248,7454369248,0.176273,0.100657,0.287094,1.81,27.1882,4124000000,1.1137,0.3024,0.158654,0.014031,0.938353,0.1745,0.102752,0.102122,0.069803,4.85,51342000000,14740000000,87367000000,36860000000,15273000000,8736000000,10686000000,-4108000000,-5861000000,2694000000,1.9857
12/08/2015,1.73E+11,3.7111,20.8698,0.017939,0.047916,Q3-2015,8265369248,7454369248,0.176273,0.100657,0.287094,1.81,27.1882,4124000000,1.1137,0.3024,0.158654,0.014031,0.938353,0.1745,0.102752,0.102122,0.069803,4.85,51342000000,14740000000,87367000000,36860000000,15273000000,8736000000,10686000000,-4108000000,-5861000000,2694000000,1.9857
11/08/2015,1.74E+11,3.7461,21.0668,0.017771,0.047468,Q3-2015,8265369248,7454369248,0.176273,0.100657,0.287094,1.81,27.1882,4124000000,1.1137,0.3024,0.158654,0.014031,0.938353,0.1745,0.102752,0.102122,0.069803,4.85,51342000000,14740000000,87367000000,36860000000,15273000000,8736000000,10686000000,-4108000000,-5861000000,2694000000,1.9857
10/08/2015,1.79E+11,3.8501,21.652,0.017291,0.046185,Q3-2015,8265369248,7454369248,0.176273,0.100657,0.287094,1.81,27.1882,4124000000,1.1137,0.3024,0.158654,0.014031,0.938353,0.1745,0.102752,0.102122,0.069803,4.85,51342000000,14740000000,87367000000,36860000000,15273000000,8736000000,10686000000,-4108000000,-5861000000,2694000000,1.9384
07/08/2015,1.76E+11,3.7929,21.3301,0.017552,0.046882,Q3-2015,8265369248,7454369248,0.176273,0.100657,0.287094,1.81,27.1882,4124000000,1.1137,0.3024,0.158654,0.014031,0.938353,0.1745,0.102752,0.102122,0.069803,4.85,51342000000,14740000000,87367000000,36860000000,15273000000,8736000000,10686000000,-4108000000,-5861000000,2694000000,1.9384
06/08/2015,1.75E+11,3.7652,21.1741,0.017681,0.047228,Q3-2015,8265369248,7454369248,0.176273,0.100657,0.287094,1.81,27.1882,4124000000,1.1137,0.3024,0.158654,0.014031,0.938353,0.1745,0.102752,0.102122,0.069803,4.85,51342000000,14740000000,87367000000,36860000000,15273000000,8736000000,10686000000,-4108000000,-5861000000,2694000000,1.9384
05/08/2015,1.78E+11,3.8338,21.5603,0.017365,0.046382,Q3-2015,8265369248,7454369248,0.176273,0.100657,0.287094,1.81,27.1882,4124000000,1.1137,0.3024,0.158654,0.014031,0.938353,0.1745,0.102752,0.102122,0.069803,4.85,51342000000,14740000000,87367000000,36860000000,15273000000,8736000000,10686000000,-4108000000,-5861000000,2694000000,1.9384
04/08/2015,1.96E+11,4.2209,23.7372,0.015772,0.042128,Q3-2015,8265369248,7454369248,0.176273,0.100657,0.287094,1.81,27.1882,4124000000,1.1137,0.3024,0.158654,0.014031,0.938353,0.1745,0.102752,0.102122,0.069803,4.85,51342000000,14740000000,87367000000,36860000000,15273000000,8736000000,10686000000,-4108000000,-5861000000,2694000000,1.9384
03/08/2015,1.95E+11,4.2012,23.626,0.015846,0.042326,Q3-2015,8265369248,7454369248,0.176273,0.100657,0.287094,1.81,27.1882,4124000000,1.1137,0.3024,0.158654,0.014031,0.938353,0.1745,0.102752,0.102122,0.069803,4.85,51342000000,14740000000,87367000000,36860000000,15273000000,8736000000,10686000000,-4108000000,-5861000000,2694000000,1.9384
31/07/2015,1.94E+11,4.1623,23.4075,0.015994,0.042721,Q3-2015,8265369248,7454369248,0.176273,0.100657,0.287094,1.81,27.1882,4124000000,1.1137,0.3024,0.158654,0.014031,0.938353,0.1745,0.102752,0.102122,0.069803,4.85,51342000000,14740000000,87367000000,36860000000,15273000000,8736000000,10686000000,-4108000000,-5861000000,2694000000,1.9384
30/07/2015,1.94E+11,4.1634,23.4134,0.01599,0.042711,Q3-2015,8265369248,7454369248,0.176273,0.100657,0.287094,1.81,27.1882,4124000000,1.1137,0.3024,0.158654,0.014031,0.938353,0.1745,0.102752,0.102122,0.069803,4.85,51342000000,14740000000,87367000000,36860000000,15273000000,8736000000,10686000000,-4108000000,-5861000000,2694000000,1.9384
29/07/2015,1.93E+11,4.1568,23.3763,0.016016,0.042778,Q3-2015,8265369248,7454369248,0.176273,0.100657,0.287094,1.81,27.1882,4124000000,1.1137,0.3024,0.158654,0.014031,0.938353,0.1745,0.102752,0.102122,0.069803,4.85,51342000000,14740000000,87367000000,36860000000,15273000000,8736000000,10686000000,-4108000000,-5861000000,2694000000,1.9384
28/07/2015,1.91E+11,4.1089,23.1071,0.016202,0.043277,Q3-2015,8265369248,7454369248,0.176273,0.100657,0.287094,1.81,27.1882,4124000000,1.1137,0.3024,0.158654,0.014031,0.938353,0.1745,0.102752,0.102122,0.069803,4.85,51342000000,14740000000,87367000000,36860000000,15273000000,8736000000,10686000000,-4108000000,-5861000000,2694000000,1.9384
27/07/2015,1.91E+11,4.1016,23.0662,0.016231,0.043354,Q3-2015,8265369248,7454369248,0.176273,0.100657,0.287094,1.81,27.1882,4124000000,1.1137,0.3024,0.158654,0.014031,0.938353,0.1745,0.102752,0.102122,0.069803,4.85,51342000000,14740000000,87367000000,36860000000,15273000000,8736000000,10686000000,-4108000000,-5861000000,2694000000,1.9384
24/07/2015,1.92E+11,4.1245,23.1949,0.016141,0.043113,Q3-2015,8265369248,7454369248,0.176273,0.100657,0.287094,1.81,27.1882,4124000000,1.1137,0.3024,0.158654,0.014031,0.938353,0.1745,0.102752,0.102122,0.069803,4.85,51342000000,14740000000,87367000000,36860000000,15273000000,8736000000,10686000000,-4108000000,-5861000000,2694000000,1.9384
23/07/2015,1.92E+11,4.1207,23.1735,0.016156,0.043153,Q3-2015,8265369248,7454369248,0.176273,0.100657,0.287094,1.81,27.1882,4124000000,1.1137,0.3024,0.158654,0.014031,0.938353,0.1745,0.102752,0.102122,0.069803,4.85,51342000000,14740000000,87367000000,36860000000,15273000000,8736000000,10686000000,-4108000000,-5861000000,2694000000,1.9384
22/07/2015,1.93E+11,4.1391,23.2768,0.016084,0.042961,Q3-2015,8265369248,7454369248,0.176273,0.100657,0.287094,1.81,27.1882,4124000000,1.1137,0.3024,0.158654,0.014031,0.938353,0.1745,0.102752,0.102122,0.069803,4.85,51342000000,14740000000,87367000000,36860000000,15273000000,8736000000,10686000000,-4108000000,-5861000000,2694000000,1.9384
21/07/2015,1.93E+11,4.1384,23.2729,0.016087,0.042968,Q3-2015,8265369248,7454369248,0.176273,0.100657,0.287094,1.81,27.1882,4124000000,1.1137,0.3024,0.158654,0.014031,0.938353,0.1745,0.102752,0.102122,0.069803,4.85,51342000000,14740000000,87367000000,36860000000,15273000000,8736000000,10686000000,-4108000000,-5861000000,2694000000,1.9384
20/07/2015,1.93E+11,4.1478,23.3256,0.01605,0.042871,Q3-2015,8265369248,7454369248,0.176273,0.100657,0.287094,1.81,27.1882,4124000000,1.1137,0.3024,0.158654,0.014031,0.938353,0.1745,0.102752,0.102122,0.069803,4.85,51342000000,14740000000,87367000000,36860000000,15273000000,8736000000,10686000000,-4108000000,-5861000000,2694000000,1.9384
17/07/2015,1.92E+11,4.1228,23.1852,0.016148,0.043131,Q3-2015,8265369248,7454369248,0.176273,0.100657,0.287094,1.81,27.1882,4124000000,1.1137,0.3024,0.158654,0.014031,0.938353,0.1745,0.102752,0.102122,0.069803,4.85,51342000000,14740000000,87367000000,36860000000,15273000000,8736000000,10686000000,-4108000000,-5861000000,2694000000,1.9384
16/07/2015,1.92E+11,4.1301,23.2261,0.016119,0.043055,Q3-2015,8265369248,7454369248,0.176273,0.100657,0.287094,1.81,27.1882,4124000000,1.1137,0.3024,0.158654,0.014031,0.938353,0.1745,0.102752,0.102122,0.069803,4.85,51342000000,14740000000,87367000000,36860000000,15273000000,8736000000,10686000000,-4108000000,-5861000000,2694000000,1.9384
15/07/2015,1.91E+11,4.1034,23.0759,0.016224,0.043335,Q3-2015,8265369248,7454369248,0.176273,0.100657,0.287094,1.81,27.1882,4124000000,1.1137,0.3024,0.158654,0.014031,0.938353,0.1745,0.102752,0.102122,0.069803,4.85,51342000000,14740000000,87367000000,36860000000,15273000000,8736000000,10686000000,-4108000000,-5861000000,2694000000,1.9384
14/07/2015,1.90E+11,4.0877,22.9881,0.016286,0.043501,Q3-2015,8265369248,7454369248,0.176273,0.100657,0.287094,1.81,27.1882,4124000000,1.1137,0.3024,0.158654,0.014031,0.938353,0.1745,0.102752,0.102122,0.069803,4.85,51342000000,14740000000,87367000000,36860000000,15273000000,8736000000,10686000000,-4108000000,-5861000000,2694000000,1.9384
13/07/2015,1.90E+11,4.0947,23.0272,0.016258,0.043427,Q3-2015,8265369248,7454369248,0.176273,0.100657,0.287094,1.81,27.1882,4124000000,1.1137,0.3024,0.158654,0.014031,0.938353,0.1745,0.102752,0.102122,0.069803,4.85,51342000000,14740000000,87367000000,36860000000,15273000000,8736000000,10686000000,-4108000000,-5861000000,2694000000,1.9384
10/07/2015,1.88E+11,4.0388,22.7131,0.016483,0.044027,Q3-2015,8265369248,7454369248,0.176273,0.100657,0.287094,1.81,27.1882,4124000000,1.1137,0.3024,0.158654,0.014031,0.938353,0.1745,0.102752,0.102122,0.069803,4.85,51342000000,14740000000,87367000000,36860000000,15273000000,8736000000,10686000000,-4108000000,-5861000000,2694000000,1.9384
09/07/2015,1.87E+11,4.0097,22.5493,0.016603,0.044347,Q3-2015,8265369248,7454369248,0.176273,0.100657,0.287094,1.81,27.1882,4124000000,1.1137,0.3024,0.158654,0.014031,0.938353,0.1745,0.102752,0.102122,0.069803,4.85,51342000000,14740000000,87367000000,36860000000,15273000000,8736000000,10686000000,-4108000000,-5861000000,2694000000,1.4071
08/07/2015,1.86E+11,3.9955,22.4693,0.016662,0.044505,Q3-2015,8265369248,7454369248,0.176273,0.100657,0.287094,1.81,27.1882,4124000000,1.1137,0.3024,0.158654,0.014031,0.938353,0.1745,0.102752,0.102122,0.069803,4.85,51342000000,14740000000,87367000000,36860000000,15273000000,8736000000,10686000000,-4108000000,-5861000000,2694000000,1.4071
07/07/2015,1.89E+11,4.0617,22.8419,0.01639,0.043779,Q3-2015,8265369248,7454369248,0.176273,0.100657,0.287094,1.81,27.1882,4124000000,1.1137,0.3024,0.158654,0.014031,0.938353,0.1745,0.102752,0.102122,0.069803,4.85,51342000000,14740000000,87367000000,36860000000,15273000000,8736000000,10686000000,-4108000000,-5861000000,2694000000,1.4071
06/07/2015,1.87E+11,4.0132,22.5688,0.016589,0.044309,Q3-2015,8265369248,7454369248,0.176273,0.100657,0.287094,1.81,27.1882,4124000000,1.1137,0.3024,0.158654,0.014031,0.938353,0.1745,0.102752,0.102122,0.069803,4.85,51342000000,14740000000,87367000000,36860000000,15273000000,8736000000,10686000000,-4108000000,-5861000000,2694000000,1.4071
02/07/2015,1.86E+11,3.9879,22.4264,0.016694,0.04459,Q3-2015,8265369248,7454369248,0.176273,0.100657,0.287094,1.81,27.1882,4124000000,1.1137,0.3024,0.158654,0.014031,0.938353,0.1745,0.102752,0.102122,0.069803,4.85,51342000000,14740000000,87367000000,36860000000,15273000000,8736000000,10686000000,-4108000000,-5861000000,2694000000,1.4071
01/07/2015,1.86E+11,3.9934,22.4576,0.016671,0.044528,Q3-2015,8265369248,7454369248,0.176273,0.100657,0.287094,1.81,27.1882,4124000000,1.1137,0.3024,0.158654,0.014031,0.938353,0.1745,0.102752,0.102122,0.069803,4.85,51342000000,14740000000,87367000000,36860000000,15273000000,8736000000,10686000000,-4108000000,-5861000000,2694000000,1.4071
30/06/2015,1.83E+11,3.9362,22.1357,0.018782,0.045176,Q3-2015,8265369248,7454369248,0.176273,0.100657,0.287094,1.81,27.1882,4124000000,1.1137,0.3024,0.158654,0.014031,0.938353,0.1745,0.102752,0.102122,0.069803,4.85,51342000000,14740000000,87367000000,36860000000,15273000000,8736000000,10686000000,-4108000000,-5861000000,2694000000,1.4071
29/06/2015,1.81E+11,3.8986,21.9243,0.018963,0.045611,Q3-2015,8265369248,7454369248,0.176273,0.100657,0.287094,1.81,27.1882,4124000000,1.1137,0.3024,0.158654,0.014031,0.938353,0.1745,0.102752,0.102122,0.069803,4.85,51342000000,14740000000,87367000000,36860000000,15273000000,8736000000,10686000000,-4108000000,-5861000000,2694000000,1.4071
26/06/2015,1.85E+11,4.0163,23.0149,0.018643,0.04345,Q2-2015,8065375790,6107375790,0.174908,0.125136,0.285128,1.15,26.8443,3857000000,1.1667,0.3007,0.195373,0.034706,0.190935,0.1788,0.129893,0.101203,0.07649,4.69,50707000000,14458000000,85715000000,35978000000,14957000000,8516000000,10814000000,-4161000000,-6617000000,2575000000,1.4071
25/06/2015,1.84E+11,3.9974,22.9068,0.018731,0.043655,Q2-2015,8065375790,6107375790,0.174908,0.125136,0.285128,1.15,26.8443,3857000000,1.1667,0.3007,0.195373,0.034706,0.190935,0.1788,0.129893,0.101203,0.07649,4.69,50707000000,14458000000,85715000000,35978000000,14957000000,8516000000,10814000000,-4161000000,-6617000000,2575000000,1.4071
24/06/2015,1.83E+11,3.9737,22.7707,0.018843,0.043916,Q2-2015,8065375790,6107375790,0.174908,0.125136,0.285128,1.15,26.8443,3857000000,1.1667,0.3007,0.195373,0.034706,0.190935,0.1788,0.129893,0.101203,0.07649,4.69,50707000000,14458000000,85715000000,35978000000,14957000000,8516000000,10814000000,-4161000000,-6617000000,2575000000,1.4071
23/06/2015,1.84E+11,3.996,22.8988,0.018738,0.04367,Q2-2015,8065375790,6107375790,0.174908,0.125136,0.285128,1.15,26.8443,3857000000,1.1667,0.3007,0.195373,0.034706,0.190935,0.1788,0.129893,0.101203,0.07649,4.69,50707000000,14458000000,85715000000,35978000000,14957000000,8516000000,10814000000,-4161000000,-6617000000,2575000000,1.4071
22/06/2015,1.83E+11,3.9653,22.7227,0.018883,0.044009,Q2-2015,8065375790,6107375790,0.174908,0.125136,0.285128,1.15,26.8443,3857000000,1.1667,0.3007,0.195373,0.034706,0.190935,0.1788,0.129893,0.101203,0.07649,4.69,50707000000,14458000000,85715000000,35978000000,14957000000,8516000000,10814000000,-4161000000,-6617000000,2575000000,1.4071
19/06/2015,1.81E+11,3.9335,22.5405,0.019035,0.044365,Q2-2015,8065375790,6107375790,0.174908,0.125136,0.285128,1.15,26.8443,3857000000,1.1667,0.3007,0.195373,0.034706,0.190935,0.1788,0.129893,0.101203,0.07649,4.69,50707000000,14458000000,85715000000,35978000000,14957000000,8516000000,10814000000,-4161000000,-6617000000,2575000000,1.4071
18/06/2015,1.82E+11,3.9545,22.6606,0.018935,0.044129,Q2-2015,8065375790,6107375790,0.174908,0.125136,0.285128,1.15,26.8443,3857000000,1.1667,0.3007,0.195373,0.034706,0.190935,0.1788,0.129893,0.101203,0.07649,4.69,50707000000,14458000000,85715000000,35978000000,14957000000,8516000000,10814000000,-4161000000,-6617000000,2575000000,1.4071
17/06/2015,1.79E+11,3.894,22.3144,0.019228,0.044814,Q2-2015,8065375790,6107375790,0.174908,0.125136,0.285128,1.15,26.8443,3857000000,1.1667,0.3007,0.195373,0.034706,0.190935,0.1788,0.129893,0.101203,0.07649,4.69,50707000000,14458000000,85715000000,35978000000,14957000000,8516000000,10814000000,-4161000000,-6617000000,2575000000,1.4071
16/06/2015,1.79E+11,3.879,22.2283,0.019303,0.044988,Q2-2015,8065375790,6107375790,0.174908,0.125136,0.285128,1.15,26.8443,3857000000,1.1667,0.3007,0.195373,0.034706,0.190935,0.1788,0.129893,0.101203,0.07649,4.69,50707000000,14458000000,85715000000,35978000000,14957000000,8516000000,10814000000,-4161000000,-6617000000,2575000000,1.4071
15/06/2015,1.77E+11,3.8483,22.0522,0.019457,0.045347,Q2-2015,8065375790,6107375790,0.174908,0.125136,0.285128,1.15,26.8443,3857000000,1.1667,0.3007,0.195373,0.034706,0.190935,0.1788,0.129893,0.101203,0.07649,4.69,50707000000,14458000000,85715000000,35978000000,14957000000,8516000000,10814000000,-4161000000,-6617000000,2575000000,1.4071
12/06/2015,1.77E+11,3.8402,22.0061,0.019498,0.045442,Q2-2015,8065375790,6107375790,0.174908,0.125136,0.285128,1.15,26.8443,3857000000,1.1667,0.3007,0.195373,0.034706,0.190935,0.1788,0.129893,0.101203,0.07649,4.69,50707000000,14458000000,85715000000,35978000000,14957000000,8516000000,10814000000,-4161000000,-6617000000,2575000000,1.4071
11/06/2015,1.78E+11,3.8636,22.1402,0.01938,0.045167,Q2-2015,8065375790,6107375790,0.174908,0.125136,0.285128,1.15,26.8443,3857000000,1.1667,0.3007,0.195373,0.034706,0.190935,0.1788,0.129893,0.101203,0.07649,4.69,50707000000,14458000000,85715000000,35978000000,14957000000,8516000000,10814000000,-4161000000,-6617000000,2575000000,1.4071
10/06/2015,1.77E+11,3.842,22.0161,0.019489,0.045421,Q2-2015,8065375790,6107375790,0.174908,0.125136,0.285128,1.15,26.8443,3857000000,1.1667,0.3007,0.195373,0.034706,0.190935,0.1788,0.129893,0.101203,0.07649,4.69,50707000000,14458000000,85715000000,35978000000,14957000000,8516000000,10814000000,-4161000000,-6617000000,2575000000,1.4071
09/06/2015,1.74E+11,3.7903,21.7199,0.019755,0.046041,Q2-2015,8065375790,6107375790,0.174908,0.125136,0.285128,1.15,26.8443,3857000000,1.1667,0.3007,0.195373,0.034706,0.190935,0.1788,0.129893,0.101203,0.07649,4.69,50707000000,14458000000,85715000000,35978000000,14957000000,8516000000,10814000000,-4161000000,-6617000000,2575000000,1.3397
08/06/2015,1.76E+11,3.8172,21.874,0.019615,0.045716,Q2-2015,8065375790,6107375790,0.174908,0.125136,0.285128,1.15,26.8443,3857000000,1.1667,0.3007,0.195373,0.034706,0.190935,0.1788,0.129893,0.101203,0.07649,4.69,50707000000,14458000000,85715000000,35978000000,14957000000,8516000000,10814000000,-4161000000,-6617000000,2575000000,1.3397
05/06/2015,1.77E+11,3.8525,22.0762,0.019436,0.045298,Q2-2015,8065375790,6107375790,0.174908,0.125136,0.285128,1.15,26.8443,3857000000,1.1667,0.3007,0.195373,0.034706,0.190935,0.1788,0.129893,0.101203,0.07649,4.69,50707000000,14458000000,85715000000,35978000000,14957000000,8516000000,10814000000,-4161000000,-6617000000,2575000000,1.3397
04/06/2015,1.77E+11,3.8525,22.0762,0.019436,0.045298,Q2-2015,8065375790,6107375790,0.174908,0.125136,0.285128,1.15,26.8443,3857000000,1.1667,0.3007,0.195373,0.034706,0.190935,0.1788,0.129893,0.101203,0.07649,4.69,50707000000,14458000000,85715000000,35978000000,14957000000,8516000000,10814000000,-4161000000,-6617000000,2575000000,1.3397
03/06/2015,1.79E+11,3.8829,22.2503,0.019284,0.044943,Q2-2015,8065375790,6107375790,0.174908,0.125136,0.285128,1.15,26.8443,3857000000,1.1667,0.3007,0.195373,0.034706,0.190935,0.1788,0.129893,0.101203,0.07649,4.69,50707000000,14458000000,85715000000,35978000000,14957000000,8516000000,10814000000,-4161000000,-6617000000,2575000000,1.3397
02/06/2015,1.78E+11,3.8682,22.1663,0.019357,0.045114,Q2-2015,8065375790,6107375790,0.174908,0.125136,0.285128,1.15,26.8443,3857000000,1.1667,0.3007,0.195373,0.034706,0.190935,0.1788,0.129893,0.101203,0.07649,4.69,50707000000,14458000000,85715000000,35978000000,14957000000,8516000000,10814000000,-4161000000,-6617000000,2575000000,1.3397
01/06/2015,1.78E+11,3.8755,22.2083,0.01932,0.045028,Q2-2015,8065375790,6107375790,0.174908,0.125136,0.285128,1.15,26.8443,3857000000,1.1667,0.3007,0.195373,0.034706,0.190935,0.1788,0.129893,0.101203,0.07649,4.69,50707000000,14458000000,85715000000,35978000000,14957000000,8516000000,10814000000,-4161000000,-6617000000,2575000000,1.3397
29/05/2015,1.77E+11,3.8549,22.0902,0.019424,0.045269,Q2-2015,8065375790,6107375790,0.174908,0.125136,0.285128,1.15,26.8443,3857000000,1.1667,0.3007,0.195373,0.034706,0.190935,0.1788,0.129893,0.101203,0.07649,4.69,50707000000,14458000000,85715000000,35978000000,14957000000,8516000000,10814000000,-4161000000,-6617000000,2575000000,1.3397
28/05/2015,1.78E+11,3.8605,22.1222,0.019395,0.045203,Q2-2015,8065375790,6107375790,0.174908,0.125136,0.285128,1.15,26.8443,3857000000,1.1667,0.3007,0.195373,0.034706,0.190935,0.1788,0.129893,0.101203,0.07649,4.69,50707000000,14458000000,85715000000,35978000000,14957000000,8516000000,10814000000,-4161000000,-6617000000,2575000000,1.3397
27/05/2015,1.77E+11,3.8549,22.0902,0.019424,0.045269,Q2-2015,8065375790,6107375790,0.174908,0.125136,0.285128,1.15,26.8443,3857000000,1.1667,0.3007,0.195373,0.034706,0.190935,0.1788,0.129893,0.101203,0.07649,4.69,50707000000,14458000000,85715000000,35978000000,14957000000,8516000000,10814000000,-4161000000,-6617000000,2575000000,1.3397
26/05/2015,1.76E+11,3.8224,21.9041,0.019589,0.045654,Q2-2015,8065375790,6107375790,0.174908,0.125136,0.285128,1.15,26.8443,3857000000,1.1667,0.3007,0.195373,0.034706,0.190935,0.1788,0.129893,0.101203,0.07649,4.69,50707000000,14458000000,85715000000,35978000000,14957000000,8516000000,10814000000,-4161000000,-6617000000,2575000000,1.3397
22/05/2015,1.77E+11,3.8511,22.0682,0.019443,0.045314,Q2-2015,8065375790,6107375790,0.174908,0.125136,0.285128,1.15,26.8443,3857000000,1.1667,0.3007,0.195373,0.034706,0.190935,0.1788,0.129893,0.101203,0.07649,4.69,50707000000,14458000000,85715000000,35978000000,14957000000,8516000000,10814000000,-4161000000,-6617000000,2575000000,1.3397
21/05/2015,1.78E+11,3.8556,22.0942,0.01942,0.045261,Q2-2015,8065375790,6107375790,0.174908,0.125136,0.285128,1.15,26.8443,3857000000,1.1667,0.3007,0.195373,0.034706,0.190935,0.1788,0.129893,0.101203,0.07649,4.69,50707000000,14458000000,85715000000,35978000000,14957000000,8516000000,10814000000,-4161000000,-6617000000,2575000000,1.3397
20/05/2015,1.77E+11,3.849,22.0562,0.019454,0.045339,Q2-2015,8065375790,6107375790,0.174908,0.125136,0.285128,1.15,26.8443,3857000000,1.1667,0.3007,0.195373,0.034706,0.190935,0.1788,0.129893,0.101203,0.07649,4.69,50707000000,14458000000,85715000000,35978000000,14957000000,8516000000,10814000000,-4161000000,-6617000000,2575000000,1.3397
19/05/2015,1.78E+11,3.8616,22.1282,0.01939,0.045191,Q2-2015,8065375790,6107375790,0.174908,0.125136,0.285128,1.15,26.8443,3857000000,1.1667,0.3007,0.195373,0.034706,0.190935,0.1788,0.129893,0.101203,0.07649,4.69,50707000000,14458000000,85715000000,35978000000,14957000000,8516000000,10814000000,-4161000000,-6617000000,2575000000,1.3397
18/05/2015,1.77E+11,3.8535,22.0822,0.019431,0.045285,Q2-2015,8065375790,6107375790,0.174908,0.125136,0.285128,1.15,26.8443,3857000000,1.1667,0.3007,0.195373,0.034706,0.190935,0.1788,0.129893,0.101203,0.07649,4.69,50707000000,14458000000,85715000000,35978000000,14957000000,8516000000,10814000000,-4161000000,-6617000000,2575000000,1.3397
15/05/2015,1.77E+11,3.8525,22.0762,0.019436,0.045298,Q2-2015,8065375790,6107375790,0.174908,0.125136,0.285128,1.15,26.8443,3857000000,1.1667,0.3007,0.195373,0.034706,0.190935,0.1788,0.129893,0.101203,0.07649,4.69,50707000000,14458000000,85715000000,35978000000,14957000000,8516000000,10814000000,-4161000000,-6617000000,2575000000,1.3397
14/05/2015,1.77E+11,3.8395,22.0021,0.019501,0.04545,Q2-2015,8065375790,6107375790,0.174908,0.125136,0.285128,1.15,26.8443,3857000000,1.1667,0.3007,0.195373,0.034706,0.190935,0.1788,0.129893,0.101203,0.07649,4.69,50707000000,14458000000,85715000000,35978000000,14957000000,8516000000,10814000000,-4161000000,-6617000000,2575000000,1.3397
13/05/2015,1.76E+11,3.8137,21.854,0.019633,0.045758,Q2-2015,8065375790,6107375790,0.174908,0.125136,0.285128,1.15,26.8443,3857000000,1.1667,0.3007,0.195373,0.034706,0.190935,0.1788,0.129893,0.101203,0.07649,4.69,50707000000,14458000000,85715000000,35978000000,14957000000,8516000000,10814000000,-4161000000,-6617000000,2575000000,1.3397
12/05/2015,1.76E+11,3.8154,21.864,0.019624,0.045737,Q2-2015,8065375790,6107375790,0.174908,0.125136,0.285128,1.15,26.8443,3857000000,1.1667,0.3007,0.195373,0.034706,0.190935,0.1788,0.129893,0.101203,0.07649,4.69,50707000000,14458000000,85715000000,35978000000,14957000000,8516000000,10814000000,-4161000000,-6617000000,2575000000,1.3397
11/05/2015,1.75E+11,3.7931,21.7359,0.01974,0.046007,Q2-2015,8065375790,6107375790,0.174908,0.125136,0.285128,1.15,26.8443,3857000000,1.1667,0.3007,0.195373,0.034706,0.190935,0.1788,0.129893,0.101203,0.07649,4.69,50707000000,14458000000,85715000000,35978000000,14957000000,8516000000,10814000000,-4161000000,-6617000000,2575000000,1.3397
08/05/2015,1.77E+11,3.8458,22.0382,0.019469,0.045376,Q2-2015,8065375790,6107375790,0.174908,0.125136,0.285128,1.15,26.8443,3857000000,1.1667,0.3007,0.195373,0.034706,0.190935,0.1788,0.129893,0.101203,0.07649,4.69,50707000000,14458000000,85715000000,35978000000,14957000000,8516000000,10814000000,-4161000000,-6617000000,2575000000,1.3397
07/05/2015,1.76E+11,3.8161,21.868,0.019621,0.045729,Q2-2015,8065375790,6107375790,0.174908,0.125136,0.285128,1.15,26.8443,3857000000,1.1667,0.3007,0.195373,0.034706,0.190935,0.1788,0.129893,0.101203,0.07649,4.69,50707000000,14458000000,85715000000,35978000000,14957000000,8516000000,10814000000,-4161000000,-6617000000,2575000000,1.3397
06/05/2015,1.76E+11,3.8322,21.9601,0.019539,0.045537,Q2-2015,8065375790,6107375790,0.174908,0.125136,0.285128,1.15,26.8443,3857000000,1.1667,0.3007,0.195373,0.034706,0.190935,0.1788,0.129893,0.101203,0.07649,4.69,50707000000,14458000000,85715000000,35978000000,14957000000,8516000000,10814000000,-4161000000,-6617000000,2575000000,1.5512
05/05/2015,1.78E+11,3.8703,22.1783,0.019346,0.045089,Q2-2015,8065375790,6107375790,0.174908,0.125136,0.285128,1.15,26.8443,3857000000,1.1667,0.3007,0.195373,0.034706,0.190935,0.1788,0.129893,0.101203,0.07649,4.69,50707000000,14458000000,85715000000,35978000000,14957000000,8516000000,10814000000,-4161000000,-6617000000,2575000000,1.5512
04/05/2015,1.79E+11,3.878,22.2223,0.019308,0.045,Q2-2015,8065375790,6107375790,0.174908,0.125136,0.285128,1.15,26.8443,3857000000,1.1667,0.3007,0.195373,0.034706,0.190935,0.1788,0.129893,0.101203,0.07649,4.69,50707000000,14458000000,85715000000,35978000000,14957000000,8516000000,10814000000,-4161000000,-6617000000,2575000000,1.5512
01/05/2015,1.78E+11,3.8602,22.1202,0.019397,0.045207,Q2-2015,8065375790,6107375790,0.174908,0.125136,0.285128,1.15,26.8443,3857000000,1.1667,0.3007,0.195373,0.034706,0.190935,0.1788,0.129893,0.101203,0.07649,4.69,50707000000,14458000000,85715000000,35978000000,14957000000,8516000000,10814000000,-4161000000,-6617000000,2575000000,1.5512
30/04/2015,1.75E+11,3.7973,21.76,0.019718,0.045956,Q2-2015,8065375790,6107375790,0.174908,0.125136,0.285128,1.15,26.8443,3857000000,1.1667,0.3007,0.195373,0.034706,0.190935,0.1788,0.129893,0.101203,0.07649,4.69,50707000000,14458000000,85715000000,35978000000,14957000000,8516000000,10814000000,-4161000000,-6617000000,2575000000,1.5512
29/04/2015,1.77E+11,3.8354,21.9781,0.019523,0.0455,Q2-2015,8065375790,6107375790,0.174908,0.125136,0.285128,1.15,26.8443,3857000000,1.1667,0.3007,0.195373,0.034706,0.190935,0.1788,0.129893,0.101203,0.07649,4.69,50707000000,14458000000,85715000000,35978000000,14957000000,8516000000,10814000000,-4161000000,-6617000000,2575000000,1.5512
28/04/2015,1.77E+11,3.8392,22.0001,0.019503,0.045454,Q2-2015,8065375790,6107375790,0.174908,0.125136,0.285128,1.15,26.8443,3857000000,1.1667,0.3007,0.195373,0.034706,0.190935,0.1788,0.129893,0.101203,0.07649,4.69,50707000000,14458000000,85715000000,35978000000,14957000000,8516000000,10814000000,-4161000000,-6617000000,2575000000,1.5512
27/04/2015,1.77E+11,3.8476,22.0482,0.019461,0.045355,Q2-2015,8065375790,6107375790,0.174908,0.125136,0.285128,1.15,26.8443,3857000000,1.1667,0.3007,0.195373,0.034706,0.190935,0.1788,0.129893,0.101203,0.07649,4.69,50707000000,14458000000,85715000000,35978000000,14957000000,8516000000,10814000000,-4161000000,-6617000000,2575000000,1.5512
24/04/2015,1.76E+11,3.8256,21.9221,0.019573,0.045616,Q2-2015,8065375790,6107375790,0.174908,0.125136,0.285128,1.15,26.8443,3857000000,1.1667,0.3007,0.195373,0.034706,0.190935,0.1788,0.129893,0.101203,0.07649,4.69,50707000000,14458000000,85715000000,35978000000,14957000000,8516000000,10814000000,-4161000000,-6617000000,2575000000,1.5512
23/04/2015,1.75E+11,3.8071,21.816,0.019668,0.045838,Q2-2015,8065375790,6107375790,0.174908,0.125136,0.285128,1.15,26.8443,3857000000,1.1667,0.3007,0.195373,0.034706,0.190935,0.1788,0.129893,0.101203,0.07649,4.69,50707000000,14458000000,85715000000,35978000000,14957000000,8516000000,10814000000,-4161000000,-6617000000,2575000000,1.5512
22/04/2015,1.74E+11,3.77,21.6038,0.019861,0.046288,Q2-2015,8065375790,6107375790,0.174908,0.125136,0.285128,1.15,26.8443,3857000000,1.1667,0.3007,0.195373,0.034706,0.190935,0.1788,0.129893,0.101203,0.07649,4.69,50707000000,14458000000,85715000000,35978000000,14957000000,8516000000,10814000000,-4161000000,-6617000000,2575000000,1.5512
21/04/2015,1.73E+11,3.761,21.5518,0.019909,0.0464,Q2-2015,8065375790,6107375790,0.174908,0.125136,0.285128,1.15,26.8443,3857000000,1.1667,0.3007,0.195373,0.034706,0.190935,0.1788,0.129893,0.101203,0.07649,4.69,50707000000,14458000000,85715000000,35978000000,14957000000,8516000000,10814000000,-4161000000,-6617000000,2575000000,1.5512
20/04/2015,1.74E+11,3.7798,21.6599,0.019809,0.046168,Q2-2015,8065375790,6107375790,0.174908,0.125136,0.285128,1.15,26.8443,3857000000,1.1667,0.3007,0.195373,0.034706,0.190935,0.1788,0.129893,0.101203,0.07649,4.69,50707000000,14458000000,85715000000,35978000000,14957000000,8516000000,10814000000,-4161000000,-6617000000,2575000000,1.5512
17/04/2015,1.72E+11,3.7264,21.3537,0.020094,0.04683,Q2-2015,8065375790,6107375790,0.174908,0.125136,0.285128,1.15,26.8443,3857000000,1.1667,0.3007,0.195373,0.034706,0.190935,0.1788,0.129893,0.101203,0.07649,4.69,50707000000,14458000000,85715000000,35978000000,14957000000,8516000000,10814000000,-4161000000,-6617000000,2575000000,1.5512
16/04/2015,1.74E+11,3.7756,21.6359,0.019831,0.04622,Q2-2015,8065375790,6107375790,0.174908,0.125136,0.285128,1.15,26.8443,3857000000,1.1667,0.3007,0.195373,0.034706,0.190935,0.1788,0.129893,0.101203,0.07649,4.69,50707000000,14458000000,85715000000,35978000000,14957000000,8516000000,10814000000,-4161000000,-6617000000,2575000000,1.5512
15/04/2015,1.72E+11,3.7365,21.4117,0.020039,0.046703,Q2-2015,8065375790,6107375790,0.174908,0.125136,0.285128,1.15,26.8443,3857000000,1.1667,0.3007,0.195373,0.034706,0.190935,0.1788,0.129893,0.101203,0.07649,4.69,50707000000,14458000000,85715000000,35978000000,14957000000,8516000000,10814000000,-4161000000,-6617000000,2575000000,1.5512
14/04/2015,1.72E+11,3.7253,21.3477,0.020099,0.046844,Q2-2015,8065375790,6107375790,0.174908,0.125136,0.285128,1.15,26.8443,3857000000,1.1667,0.3007,0.195373,0.034706,0.190935,0.1788,0.129893,0.101203,0.07649,4.69,50707000000,14458000000,85715000000,35978000000,14957000000,8516000000,10814000000,-4161000000,-6617000000,2575000000,1.5512
13/04/2015,1.71E+11,3.7201,21.3176,0.020127,0.04691,Q2-2015,8065375790,6107375790,0.174908,0.125136,0.285128,1.15,26.8443,3857000000,1.1667,0.3007,0.195373,0.034706,0.190935,0.1788,0.129893,0.101203,0.07649,4.69,50707000000,14458000000,85715000000,35978000000,14957000000,8516000000,10814000000,-4161000000,-6617000000,2575000000,1.5512
10/04/2015,1.72E+11,3.7355,21.4057,0.020045,0.046717,Q2-2015,8065375790,6107375790,0.174908,0.125136,0.285128,1.15,26.8443,3857000000,1.1667,0.3007,0.195373,0.034706,0.190935,0.1788,0.129893,0.101203,0.07649,4.69,50707000000,14458000000,85715000000,35978000000,14957000000,8516000000,10814000000,-4161000000,-6617000000,2575000000,1.5512
09/04/2015,1.72E+11,3.7292,21.3697,0.020078,0.046795,Q2-2015,8065375790,6107375790,0.174908,0.125136,0.285128,1.15,26.8443,3857000000,1.1667,0.3007,0.195373,0.034706,0.190935,0.1788,0.129893,0.101203,0.07649,4.69,50707000000,14458000000,85715000000,35978000000,14957000000,8516000000,10814000000,-4161000000,-6617000000,2575000000,1.5512
08/04/2015,1.71E+11,3.7149,21.2876,0.020156,0.046976,Q2-2015,8065375790,6107375790,0.174908,0.125136,0.285128,1.15,26.8443,3857000000,1.1667,0.3007,0.195373,0.034706,0.190935,0.1788,0.129893,0.101203,0.07649,4.69,50707000000,14458000000,85715000000,35978000000,14957000000,8516000000,10814000000,-4161000000,-6617000000,2575000000,1.5512
07/04/2015,1.70E+11,3.6824,21.1015,0.020334,0.04739,Q2-2015,8065375790,6107375790,0.174908,0.125136,0.285128,1.15,26.8443,3857000000,1.1667,0.3007,0.195373,0.034706,0.190935,0.1788,0.129893,0.101203,0.07649,4.69,50707000000,14458000000,85715000000,35978000000,14957000000,8516000000,10814000000,-4161000000,-6617000000,2575000000,1.567
06/04/2015,1.70E+11,3.6894,21.1415,0.020295,0.0473,Q2-2015,8065375790,6107375790,0.174908,0.125136,0.285128,1.15,26.8443,3857000000,1.1667,0.3007,0.195373,0.034706,0.190935,0.1788,0.129893,0.101203,0.07649,4.69,50707000000,14458000000,85715000000,35978000000,14957000000,8516000000,10814000000,-4161000000,-6617000000,2575000000,1.567
02/04/2015,1.70E+11,3.7023,21.2156,0.020224,0.047135,Q2-2015,8065375790,6107375790,0.174908,0.125136,0.285128,1.15,26.8443,3857000000,1.1667,0.3007,0.195373,0.034706,0.190935,0.1788,0.129893,0.101203,0.07649,4.69,50707000000,14458000000,85715000000,35978000000,14957000000,8516000000,10814000000,-4161000000,-6617000000,2575000000,1.567
01/04/2015,1.70E+11,3.6827,21.1035,0.020332,0.047386,Q2-2015,8065375790,6107375790,0.174908,0.125136,0.285128,1.15,26.8443,3857000000,1.1667,0.3007,0.195373,0.034706,0.190935,0.1788,0.129893,0.101203,0.07649,4.69,50707000000,14458000000,85715000000,35978000000,14957000000,8516000000,10814000000,-4161000000,-6617000000,2575000000,1.567
31/03/2015,1.69E+11,3.6635,20.9934,0.020438,0.047634,Q2-2015,8065375790,6107375790,0.174908,0.125136,0.285128,1.15,26.8443,3857000000,1.1667,0.3007,0.195373,0.034706,0.190935,0.1788,0.129893,0.101203,0.07649,4.69,50707000000,14458000000,85715000000,35978000000,14957000000,8516000000,10814000000,-4161000000,-6617000000,2575000000,1.567
30/03/2015,1.71E+11,3.7065,21.2396,0.020201,0.047082,Q2-2015,8065375790,6107375790,0.174908,0.125136,0.285128,1.15,26.8443,3857000000,1.1667,0.3007,0.195373,0.034706,0.190935,0.1788,0.129893,0.101203,0.07649,4.69,50707000000,14458000000,85715000000,35978000000,14957000000,8516000000,10814000000,-4161000000,-6617000000,2575000000,1.567